@Unpublished    {Agarwal06,
  author 	= {S. Agarwal and L. E. Johns and R. Narayanan},
  title 	= {Growth curves in precipitation and solidification},
  note 		= {{Journal of Crystal Growth} (submitted)},
  year 		= 2006
} 

@ARTICLE	{Brown98,
   author 	= {R. A. Brown},
   TITLE  	= {Theory of transport processes in single crystal growth from the melt},
   year   	= {1988},
   journal 	= {AIChE Journal},
   volume 	= {34},
   pages 	= {881-911}
}

@BOOK		{Chandrasekhar61,
   author 	= {S. Chandrasekhar},
   title	= {Hydrodynamic and Hydromagnetic Stability},
   publisher	= {Oxford University Press},
   address	= {London},
   year 	= {1961}
}

@Article	{Chen96,
  author 	= {Y. J. Chen and P. H. Steen},
  title 	= {Suppression of the capillary instability in the \protect{R}ayleigh-\protect{T}aylor slot problem},
  journal 	= {Physics of Fluids},
  year		= {1996},
  volume 	= {8},
  pages 	= {97--102},
}

@ARTICLE	{Coriell77,
   author 	= {S. R. Coriell and S. C. Hardy and M. R. Cordes},
   TITLE 	= {Stability of liquid zones},
   year 	= {1977},
   journal 	= {Journal of Colloid and Interface Science},
   volume 	= {60},
   pages 	= {126-136}
}

@ARTICLE	{Croll98,
   author 	= {A. Cr\"{o}ll and Th. Kaiser and M. Schweiser and A. N. Danilewski and S. Lauer and A. Tegetmeier and K. W. Benz},
   TITLE 	= {Floating-Zone and Floating-Solution-Zone Growth of {G}a{S}b under Microgravity},
   year 	= {1998},
   journal 	= {Journal of Crystal Growth},
   volume 	= {191},
   pages 	= {365-376}
}

@Article	{Dijkstra91,
  author 	= {H. A. Dijkstra and P. Steen},
  title 	= {Thermocapillary stabilization of the capillary breakup of an annular film of liquid},
  journal 	= {Journal of Fluid Mechanics},
  year 		= {1991},
  volume 	= {229},
  pages 	= {205--228},
}

@Article	{Donnelly66,
  author 	= {R. J. Donnelly and W. Glaberson},
  title 	= {Experiments on Capillary instability of a liquid jet},
  journal 	= {Proceedings of the Royal Society of London Series A - Mathematical and Physical Sciences},
  year 		= {1966},
  volume 	= {290},
  pages 	= {547},
}

@BOOK		{Drazin02,
   author 	= {P. G. Drazin},
   title	= {Introduction to Hydrodynamic Stability},
   publisher	= {Cambridge},
   address	= {United Kingdom},
   year 	= {2002}
}

@Article	{Duda71,
  author 	= {J. L. Duda and J. S. Vrentas},
  title 	= {Steady flow in the region of closed streamlines in a cylindrical cavity},
  journal 	= {Journal of Fluid Mechanics},
  year 		= {1971},
  volume 	= {45},
  pages 	= {247--260},
}

@Article	{Eggers02,
  author 	= {J. Eggers},
  title 	= {Dynamics of Liquid Nanojets},
  journal 	= {Physical Review Letters},
  year 		= {2002},
  volume 	= {89},
  pages 	= {1--4},
}

@ARTICLE	{Gallagher96,
   author 	= {C. T. Gallagher and D. T. Leighton and M. J. McCready},
   TITLE 	= {Experimental investigation of a two-layer shearing instability in a cylindrical Couette cell},
   year 	= {1996},
   journal 	= {Physics of Fluids},
   volume 	= {8},
   pages 	= {2385-2390}
}

@BOOK		{Grindrod96,
   author 	= {P. Grindrod},
   title	= {The theory and applications of reaction-diffusion equations – patterns and waves},
   publisher	= {Oxford University Press},
   address	= {Oxford},
   year 	= {1996}
}

@Article	{Grotberg05,
  author 	= {J. B. Grotberg},
  title 	= {Preface: Biofluid mechanics},
  journal 	= {Physics of Fluids},
  year 		= {2005},
  volume 	= {17},
  pages 	= {031401},
}

@Article	{Gupta86,
  author 	= {N. K. Gupta and S . V. Lawande},
  title 	= {Effects of density gradients on {R}ayleigh-{T}aylor instability in an ablatively accelerated inertial confinement fusion target},
  journal 	= {Plasma Physics and Controlled Fusion},
  year 		= {1986},
  volume 	= {28},
  pages 	= {267-278},
}


@Article	{Hickox71,
  author 	= {C. Hickox},
  title 	= {Instability due to Viscosity and Density Stratification in Axisymmetric Pipe Flow},
  journal 	= {Physics of Fluids},
  year 		= {1971},
  volume 	= {14},
  pages 	= {251--262},
}

@Article	{Ho80,
  author 	= {S. P. Ho},
  title 	= {Linear \protect{R}ayleigh-\protect{T}aylor stability of viscous fluids with mass and heat transfer},
  journal 	= {Journal of Fluid Mechanics},
  year 		= {1980},
  volume 	= {101},
  pages 	= {111--128},
}

@Article	{Hsieh72,
  author 	= {D. Y. Hsieh},
  title 	= {Effects of heat and mass transfer on \protect{R}ayleigh-\protect{T}aylor instability},
  journal 	= {Transactions of the ASME},
  year 		= {1972},
  volume 	= {94},
  pages 	= {156--162},
}


@ARTICLE	{Huang92,
   author 	= {A. Huang and D.D. Joseph},
   year 	= {1992},
   journal 	= {Journal of Fluid Mechanics},
   volume 	= {242},
   pages 	= {235}
}


@ARTICLE	{Jacob05,
   author 	= {A. M. Jacob and D. P. Gaver III},
   TITLE 	= {An investigation of the influence of cell topography on epithelial mechanical stresses during pulmonary airway reopening},
   year 	= {2005},
   journal 	= {Physics of Fluids},
   volume 	= {17},
   pages 	= {031502}
}

@ARTICLE	{Jensen97,
   author 	= {O.E. Jensen},
   TITLE 	= {The thin liquid lining of a weakly curved cylindrical tube},
   year 	= {1997},
   journal 	= {Journal of Fluid Mechanics},
   volume 	= {331},
   pages 	= {373-403}
}

@BOOK		{Johns02,
   author 	= {L.E. Johns and R. Narayanan},
   title	= {Interfacial Instability},
   publisher	= {Springer-Verlag},
   address	= {New York},
   year 	= {2002}
}

@ARTICLE	{Johnson99,
   author 	= {D. Johnson and R. Narayanan},
   year 	= {1999},
   journal 	= {Chaos},
   volume 	= {9},
   pages 	= {124}
}


@ARTICLE	{Lafrance75,
   author 	= {P. Lafrance},
   TITLE  	= {Nonlinear breakup of a laminar liquid jet},
   year 	= {1975},
   journal 	= {The Physics of Fluids},
   volume 	= {18},
   pages 	= {428-432}
}

@ARTICLE	{Langbein90,
   author 	= {D. Langbein},
   TITLE  	= {Crystal Growth From Liquid Columns},
   year 	= {1990},
   journal 	= {Journal of Crystal Growth},
   volume 	= {104},
   pages 	= {47-59}
}

@BOOK		{Langbein02,
   author 	= {D. Langbein},
   title	= {Capillary Surfaces: Shape-Stability-Dynamics, in Particular Under Weightlessness},
   publisher	= {Springer-Verlag},
   address	= {Berlin Heidelberg},
   year 	= {2002}
}

@BOOK		{Lin03,
   author 	= {S. P. Lin},
   title	= {Breakup of liquid sheets and jets},
   publisher	= {Cambridge University},
   address	= {United Kingdom},
   year 	= {2003}
}

@BOOK		{Lowry94,
   author 	= {B. J. Lowry},
   title	= {Shape stability of liquid bridges in flow, Ph.D. thesis},
   publisher	= {Cornell University},
   address	= {Ithaca, NY},
   year 	= {1994}
}

@ARTICLE	{Mansour90,
   author 	= {N. N. Mansour and T. S. Lundgren},
   TITLE 	= {Satellite formation in capillary jet breakup},
   year 	= {1990},
   journal 	= {Physics of Fluids A},
   volume 	= {2},
   pages 	= {1141-1144}
}

@ARTICLE	{Margerit03,
   author 	= {J. Margerit and P. Colinet and G. Lebon and C.S. Iorio and J.C. Legros},
   year 	= {2003},
   journal 	= {Phys.\ Rev.\ E},
   volume 	= {68},
   pages 	= {041601}
}

@ARTICLE	{Marr-Lyon97,
   author 	= {M. J. Marr-Lyon, D. B. Thiessen, and P. L. Marston},
   TITLE 	= {Stabilization of a cylindrical capillary bridge far beyond the Rayleigh-Plateau limit using acoustic radiation pressure and active feedback},
   year 	= {1997},
   journal 	= {Journal of Fluid Mechanics},
   volume 	= {351},
   pages 	= {345-357}
}

@ARTICLE	{Marr-Lyon00,
   author 	= {M. J. Marr-Lyon, D. B. Thiessen, F. J. Blonigen, and P. L. Marston},
   TITLE 	= {Stabilization of electrically conducting capillary bridges using feedback control of radial electrostatic stresses and the shapes of extended bridges},
   year 	= {2000},
   journal 	= {Physics of Fluids},
   volume 	= {12},
   pages 	= {986-995}
}

@ARTICLE	{Mason70,
   author 	= {G. Mason},
   title 	= {An experimental determination of the stable length of cylindrical liquid bubbles},
   year 	= {1970},
   journal 	= {Journal of Colloid and Interface Science},
   volume 	= {32},
   pages 	= {172-176}
}


@ARTICLE	{Matkowsky77,
   author 	= {B. J. Matkowsky and E.L. Reiss},
   TITLE 	= {Singular perturbations of bifurcations},
   year 	= {1977},
   journal 	= {SIAM Journal of Applied Mathematics},
   volume 	= {33},
   pages 	= {230-255}
}


@ARTICLE	{Meister67,
   author 	= {B. J. Meister and G. F. Scheele},
   TITLE 	= {Generalized Solution of the {T}omotika Stability Analysis for a Cylindrical Jet},
   year 	= {1967},
   journal 	= {AIChE Journal},
   volume 	= {13},
   pages 	= {682-688}
}


@ARTICLE	{Meseguer01,
   author 	= {J. Meseguer and J. M. Perales and J. I. D. Alexander},
   TITLE 	= {A perturbation analysis of the stability of long liquid bridges between almost circular supporting disks},
   year 	= {2001},
   journal 	= {Physics of Fluids},
   volume 	= {13},
   pages 	= {2724-2727}
}


@CONFERENCE{Muller96,
   AUTHOR 	= {G. M\"{u}ller and F. M. Herrmann},
   TITLE 	= {Growth of 20 mm diameter {G}a{A}s crystals by the floating zone technique during the {D}-2 {S}pacelab mission},
   BOOKTITLE 	= {Materials and fluids under low gravity},
   Editor	= {L. Ratke and H. Walter and B. Feuerbacher},
   publisher	= {Springer-Verlag},
   address	= {Berlin Heidelberg},
   YEAR 	= {1996},
   PAGES 	= {}
}

@ARTICLE	{Oron97,
   author 	= {A. Oron and S.H. Davis and S.G. Bankoff},
   year 	= {1997},
   journal 	= {Reviews of Modern Physics},
   volume 	= {69},
   pages 	= {931}
}

@ARTICLE	{Oron99,
   author 	= {A. Oron},
   year 	= {1999},
   journal 	= {Fluid Dynamics at Interfaces},
   pages 	= {262}
}

@Article	{Ozen04,
  author	= {O. Ozen and R. Narayanan},
  title 	= {The physics of evaporative and convective instabilities in bilayer systems: linear theory},
  journal	= {Physics of Fluids},
  year 		= {2004},
  volume 	= {16},
  pages 	= {4644--4652},
}


@BOOK		{Plateau1863,
   author 	= {J. Plateau},
   title	= {Experimental and theoretical researches on the figures of equilibrium of a liquid mass},
   publisher	= {Annual Reports of the Smithsonian Institution (translated)},
   address	= {},
   year 	= {1863}
}

@BOOK		{Plateau1873,
   author 	= {J. Plateau},
   title	= {Statique Exp'{e}rimentale et Th'{e}orique des Liquides Soumis aux Seules Forces Mol'{e}culaires},
   publisher	= {Gauthier-Villars},
   address	= {Paris},
   year 	= {1873}
}


@ARTICLE	{Prange99,
   author 	= {M. Prange and M. Wanschura and H. C. Kuhlmann and H. J. Rath},
   TITLE 	= {Linear Stability of Thermocapillary Convection in Cylindrical Liquid Bridges Under Axial Magnetic Fields},
   year 	= {1999},
   journal 	= {Journal of Fluid Mechanics},
   volume 	= {394},
   pages 	= {281-302}
}


@Article	{Rayleigh1878,
  author 	= {J. W. S. Rayleigh},
  title 	= {On the instability of jets},
  journal 	= {Proceedings of the London Mathematical Society},
  year 		= {1878},
  volume 	= {10},
  pages 	= {4--13},
}

@Article	{Rayleigh1879,
  author 	= {J. W. S. Rayleigh},
  title 	= {On the capillary phenomena of jets},
  journal 	= {Proceedings of the Royal Society},
  year 		= {1879},
  volume 	= {19},
  pages 	= {71--97},
}


@Article	{Rayleigh1883,
  author 	= {J. W. S. Rayleigh},
  title 	= {Investigation of the character of equilibrium of an incompressible heavy fluid of variable density},
  journal 	= {Proceedings of the London Mathematical Society},
  year 		= {1883},
  volume 	= {14},
  pages 	= {170--177},
}


@Article	{Rayleigh1892,
  author 	= {J. W. S. Rayleigh},
  title 	= {On the Instability of a Cylinder of Viscous Liquid Under Capillary Force},
  journal 	= {Phil. Mag.},
  year 		= {1892},
  volume 	= {34},
  pages 	= {145},
}


@BOOK		{Rayleigh1896,
   author 	= {J. Plateau},
   title	= {Theory of Sound},
   publisher	= {Macmillan},
   address	= {London},
   year 	= {1896},
   item		= {reprinted by Dover, New York, 1945},
   item		= {2nd ed. Vol. 2, p. 366 for the experiment},
}

@BOOK		{Robinson01,
   author 	= {N. D. Robinson},
   title	= {Experiments in film and liquid bridge dynamics and stability, Ph.D. thesis},
   publisher	= {Cornell University},
   address	= {Ithaca, NY},
   year 	= {2001}
}


@Article	{Rumscheidt62,
  author 	= {F. D. Rumscheidt and S. G. Mason},
  title 	= {Break-up of stationary liquid threads},
  journal 	= {Journal of Colloid Science},
  year 		= {1962},
  volume 	= {17},
  pages 	= {260-269},
}

@Article	{Savart1833,
  author 	= {F. Savart},
  title 	= {Memoire sur la Constitution des Veines Liquides Lancees par des Orifices Circulaires en Mince Paroi},
  journal 	= {Annales de chimie et de physique},
  year 		= {1833},
  volume 	= {53},
  pages 	= {337-386},
}

@Article	{Scriven64,
  author 	= {L. E. Scriven and C. V. Sternling},
  title 	= {On cellular convection driven by surface-tension gradients: effects of mean surface tension and surface viscosity},
  journal 	= {Journal of Fluid Mechanics},
  year 		= {1964},
  volume 	= {45},
  pages 	= {247--260},
}

@ARTICLE	{Simavilla03,
   author 	= {A. Laverón-Simavilla and J. Meseguer and J. L. Espino},
   TITLE 	= {Stability of liquid bridges between an elliptical and a circular supporting disk},
   year 	= {2003},
   journal 	= {Physics of Fluids},
   volume 	= {15},
   pages 	= {2830-2836}
}


@ARTICLE	{Slobozhanin93,
   author 	= {L. A. Slobozhanin and J. M. Perales},
   TITLE 	= {Stability of liquid bridges between equal disks in an axial gravity field},
   year 	= {1993},
   journal 	= {Physics of Fluids A},
   volume 	= {5},
   pages 	= {1305-1314}
}

@ARTICLE	{Slobozhanin98,
   author 	= {L. A. Slobozhanin and J. I. D. Alexander},
   TITLE 	= {Combined effect of disk inequality and axial gravity on axisymmetric liquid bridge stability},
   year 	= {1998},
   journal 	= {Physics of Fluids},
   volume 	= {10},
   pages 	= {2473-2488}
}

@Article	{Smarr81,
  author 	= {L. Smarr and J. R. Wilson and R. T. Barton and R. L. Bowers},
  title 	= {Rayleigh-{T}aylor overturn in super-nova core collapse},
  journal 	= {Astrophysics Journal},
  year 		= {1981},
  volume 	= {246},
  pages 	= {515--525},
}

@Article	{Taylor31,
  author 	= {G. I. Taylor},
  title 	= {Effect of variation in density on the stability of superposed streams of fluid},
  journal 	= {Proceedings of The Royal Society of London Series A},
  year 		= {1931},
  volume 	= {132},
  pages 	= {499--523},
}

@Article	{Taylor50,
  author 	= {G. I. Taylor},
  title 	= {The instability of liquid surfaces when accelerated in a direction perpendicular to their planes. I},
  journal 	= {Proceedings of The Royal Society of London Series A},
  year 		= {1950},
  volume 	= {201},
  pages 	= {192--196},
}

@ARTICLE	{Tomotika35,
   author 	= {S. Tomotika},
   TITLE 	= {On the Instability of a Cylindrical Thread of a viscous Liquid Surrounded by another Viscous Liquid},
   year 	= {1935},
   journal 	= {Proceedings of The Royal Society of London, Series A},
   volume 	= {150},
   pages 	= {322-337}
}

@ARTICLE	{Tomotika36,
   author 	= {S. Tomotika},
   TITLE 	= {Breaking up of a Drop of Viscous Liquid Immersed in Another Viscous Fluid Which is Extending at a Uniform Rate},
   year 	= {1936},
   journal 	= {Proceedings of The Royal Society of London, Series A},
   volume 	= {153},
   pages 	= {302-318}
}

@ARTICLE	{Tsamopoulos92,
   author 	= {J. Tsamopoulos, T. Y. Chen and A. Borkar},
   TITLE 	= {Viscous oscillations of capillary bridges},
   year 	= {1992},
   journal 	= {Journal of Fluid Mechanics},
   volume 	= {255},
   pages 	= {579-609}
}

@Article	{Uguz05,
  author 	= {A. Kerem Uguz and N. J. Alvarez and R. Narayanan},
  title 	= {An experimental study on the instability of elliptical liquid bridges},
  journal 	= {Physics of Fluids},
  year 		= {2005},
  volume 	= {17},
  pages 	= {0781061--0781064},
}

@Article	{Voltz01,
  author 	= {C. V\"{o}ltz and W. Pesch and I. Rehberg},
  title 	= {\protect{R}ayleigh-\protect{T}aylor instability in a sedimenting suspension},
  journal 	= {Physical Review E},
  year 		= {2001},
  volume 	= {65},
  pages 	= {0114041--0114047},
}

@ARTICLE	{Ward01,
   author 	= {C.A. Ward and D. Stanga},
   year 	= {2001},
   journal 	= {Physical Review E},
   volume 	= {64},
   pages 	= {051509}
}

@BOOK		{Weinberger65,
   author 	= {H. F. Weinberger},
   title	= {A first course in partial differential equations with complex variables and transform methods},
   publisher	= {Wiley},
   address	= {New York},
   year 	= {1965}
}

@Article	{White05,
  author 	= {J. P. White and M. Heil},
  title 	= {Three-dimensional instabilities of liquid-lined elastic tubes: A thin-film fluid-structure interaction model},
  journal 	= {Physics of Fluids},
  year 		= {2005},
  volume 	= {17},
  pages 	= {031506},
}

@Article	{Witkowski01,
  author 	= {L. M. Witkowski and J. S. Walker},
  title 	= {Flow driven by Marangoni Convection and Rotating Magnetic Field in a Floating-Zone Configuration},
  journal 	= {Magnetohydrodynamics},
  year 		= {2001},
  volume 	= {37},
  pages 	= {112-118},
}

@Article	{Yang02,
  author 	= {J. Yang and A. D'Onofrio and S. Kalliadasis and A. De Wit},
  title 	= {\protect{R}ayleigh-\protect{T}aylor instability of reaction-diffusion acidity fronts},
  journal 	= {Journal of chemical physics},
  year 		= {2002},
  volume 	= {117},
  pages 	= {9395--9408},
}

@Article	{Young01,
  author 	= {Y. N. Young and H. Tufo and A. Dubey and R. Rosner},
  title 	= {\protect{R}ayleigh-\protect{T}aylor instability of reaction-diffusion acidity fronts},
  journal 	= {Journal of Fluid Mechanics},
  year 		= {2001},
  volume 	= {447},
  pages 	= {377--408},
}






@ARTICLE{WierPhil98,
    AUTHOR = {Wierenga, A. M. and Philipse, A. P.},
    TITLE = {Low-shear {V}iscosity of {I}sotropic {D}ispersions of ({B}rownian) {R}ods and {F}ibres; {A} {R}eview of {T}heory and {E}xperiments},
    JOURNAL = {Coll. Surf. A: Physicochem. Eng. Aspects},
    YEAR = {1998},
    VOLUME = {137},
    PAGES = {355-372}
}

@ARTICLE{Pet98,
    AUTHOR = {Petekidis, G. and Vlassopoulos, D. and Fytas, G.},
    TITLE = {Dynamics of {H}airy-{R}od {P}olymers: {S}emidilute {R}egime},
    JOURNAL = {Macromolecules},
    YEAR = {1998},
    VOLUME = {31},
    PAGES = {1406-1417}
}

@ARTICLE{Immaneni98,
    AUTHOR = {Immaneni, A. and Mchugh, A. J.},
    TITLE = {The {E}ffect of {C}oncentration, {T}emperature, and {M}olecular {W}eight on the {D}ynamics of {R}igid-{R}od {M}olecules in {S}emi-{D}ilute {S}olutions},
    JOURNAL = {J. Poly. Sci.: Part B: Poly. Phys.},
    YEAR = {1998},
    VOLUME = {36},
    PAGES = {181-190}
}

@ARTICLE{Seils95,
    AUTHOR = {Seils, J. and Pecora, R.},
    TITLE = {Dynamics of a 2311 {B}ase {P}air {S}uperhelical {DNA} in {D}ilute and {S}emidilute {S}olutions},
    JOURNAL = {Macromolecules},
    YEAR = {1995},
    VOLUME = {28},
    PAGES = {661-673}
}

@BOOK{Aris62,
    AUTHOR = {Aris, R.},
    TITLE = {Vectors, {T}ensors, and the {B}asic {E}quation of {F}luid {M}echanics},
    PUBLISHER = {Dover Publications Inc.},
    ADDRESS = {New York, NY},
    YEAR = {1962},
}

@ARTICLE{Lowen96,
    AUTHOR = {Kirchhoff, T. and {L\"{o}wen}, H. and Klein, R.},
    TITLE = {Dynamical {C}orrelations in {S}uspensions of {C}harged {R}odlike {M}acromolecules},
    JOURNAL = {Phys. Rev. E},
    YEAR = {1996},
    VOLUME = {53},
    PAGES = {5011-5023}
}

@BOOK{Oksendal85,
    AUTHOR = {Oksendal, B.},
    TITLE = {Stochastic {D}ifferential {E}quations},
    PUBLISHER = {Springer},
    ADDRESS = {Dover, DE},
    YEAR = {1985},
}

@BOOK{NRecipes,
    AUTHOR = {Press, W. H. and Teukolsky, S. A. and Vetterling, W. T. and Flannery, B. P.},
    TITLE = {{NUMERICAL RECIPES} in {FORTRAN}: {T}he {A}rt of {S}cientific {C}omputing},
    PUBLISHER = {Cambridge University Press},
    ADDRESS = {New York, NY},
    YEAR = {1992},
}

@BOOK{Mcquarrie00,
    AUTHOR = {McQuarriee, D. A.},
    TITLE = {Statistical {M}echanics},
    PUBLISHER = {University Science Books},
    ADDRESS = {Sausalito, CA},
    YEAR = {2000},
}

@BOOK{BSL,
    AUTHOR = {Bird, R. B. and Stewart, W. E. and Lightfoot, E. N.},
    TITLE = {Transport {P}henomena},
    PUBLISHER = {John Wiley \& Sons Inc.},
    ADDRESS = {New York, NY},
    YEAR = {2002},
}

@BOOK{DoiEd86,
    AUTHOR = {Doi, M. and Edwards, S. F.},
    TITLE = {The {T}heory of {P}olymer {D}ynamics},
    PUBLISHER = {Oxford University Press},
    ADDRESS = {New York, NY},
    YEAR = {1986},
}

@ARTICLE{Frenkel83,
    AUTHOR = {Frenkel, D. and Maguire, J. F.},
    TITLE = {Molecular-{D}ynamics {S}tudy of the {D}ynamical {P}roperties of an {A}ssembly of {I}nfinitely {T}hin {H}ard-{R}ods},
    JOURNAL = {Mol. Phys.},
    YEAR = {1983},
    VOLUME = {49},
    PAGES = {503-541}
}

@ARTICLE{Moscicki84,
    AUTHOR = {Moscicki, J. K.},
    TITLE = {On the {R}otational {D}iffusion of {R}od-{L}ike {M}acromolecules in {L}ypotropic {M}esomorphic {P}hases},
    JOURNAL = {Mol. Phys.},
    YEAR = {1984},
    VOLUME = {51},
    PAGES = {919-933}
}

@ARTICLE{Cox70,
    AUTHOR = {Cox, R. G.},
    TITLE = {The {M}otion of {L}ong {S}lender {B}odies in a {V}iscous {F}luid. {P}art 1. {G}eneral {T}heory},
    JOURNAL = {J. Fluid Mech.},
    YEAR = {1970},
    VOLUME = {44},
    PAGES = {791-810}
}

@ARTICLE{Cox71,
    AUTHOR = {Cox, R. G.},
    TITLE = {The {M}otion of {L}ong {S}lender {B}odies in a {V}iscous {F}luid. {P}art 2. {S}hear {F}low},
    JOURNAL = {J. Fluid Mech.},
    YEAR = {1971},
    VOLUME = {45},
    PAGES = {625-657}
}

@ARTICLE{Bit88,
        AUTHOR = {Bitsanis, I. and Davis, H. T. and Tirrell, M.},
        TITLE = {Brownian {D}ynamics of {N}ondilute {S}olutions of {R}odlike {P}olymers. 1. {L}ow {C}oncentrations},
        JOURNAL = {Macromolecules},
        YEAR = {1988},
        VOLUME = {21},
        PAGES = {2824-2835}
}

@ARTICLE{Bit90,
        AUTHOR = {Bitsanis, I. and Davis, H. T. and Tirrell, M.},
        TITLE = {Brownian {D}ynamics of {N}ondilute {S}olutions of {R}odlike {P}olymers. 2. {H}igh {C}oncentrations},
        JOURNAL = {Macromolecules},
        YEAR = {1990},
        VOLUME = {23},
        PAGES = {1157-1165}
}

@ARTICLE{Ottinger96,
    AUTHOR = {{\"{O}ttinger}, H. C.},
    TITLE = {Velocity {F}ield in {N}ondraining {P}olymer {C}hains},
    JOURNAL = {Rheologica Acta},
    YEAR = {1996},
    VOLUME = {35},
    PAGES = {134-138}
}

@ARTICLE{Kloeden92,
    AUTHOR = {Kloeden, P. E. and Platen, E.},
    TITLE = {Higher-{O}rder {I}mplicit {S}trong {N}umerical {S}chemes for {S}tochastic {D}ifferential-{E}quations},
    JOURNAL = {J. Stat. Phys.},
    YEAR = {1992},
    VOLUME = {66},
    PAGES = {283-314}
}

@ARTICLE{Ermak78,
    AUTHOR = {Ermak, D. L. and McCammon, J. A.},
    TITLE = {Brownian {D}ynamics with {H}ydrodynamic {I}nteractions},
    JOURNAL = {J. Chem. Phys.},
    YEAR = {1978},
    VOLUME = {69},
    PAGES = {1352-1360}
}

@ARTICLE{Phung96,
    AUTHOR = {Phung, T. N. and Brady, J. F. and Bossis, G.},
    TITLE = {Stokesian {D}ynamics {S}imulation of {B}rownian {S}uspensions},
    JOURNAL = {J. Fluid Mech.},
    YEAR = {1996},
    VOLUME = {313},
    PAGES = {181-207}
}

@ARTICLE{Foss99,
    AUTHOR = {Foss, D. R. and Brady, J. F.},
    TITLE = {Self-{D}iffusion in {S}heared {S}uspensions by {D}ynamic {S}imulation},
    JOURNAL = {J. Fluid Mech.},
    YEAR = {1999},
    VOLUME = {401},
    PAGES = {243-274}
}

@ARTICLE{Grassia95,
    AUTHOR = {Grassia, P. S. and Hinch, E. J. and Nitsche, L. C.},
    TITLE = {Computer {S}imulations of {B}rownian {M}otion of {C}omplex {S}ystems},
    JOURNAL = {J. Fluid Mech.},
    YEAR = {1995},
    VOLUME = {282},
    PAGES = {373-403}
}

@ARTICLE{Grassia96,
    AUTHOR = {Grassia, P. and Hinch, E. J.},
    TITLE = {Computer {S}imulations of {P}olymer {C}hain {R}elaxation via {B}rownian {M}otion},
    JOURNAL = {J. Fluid Mech.},
    YEAR = {1996},
    VOLUME = {308},
    PAGES = {255-288}
}

@ARTICLE{Fixman78,
    AUTHOR = {Fixman, M.},
    TITLE = {Simulation of {P}olymer {D}ynamics .1. {G}eneral {T}heory},
    JOURNAL = {J. Chem. Phys.},
    YEAR = {1978},
    VOLUME = {69},
    PAGES = {1527-1537}
}

@ARTICLE{Sierou01,
    AUTHOR = {Sierou, A. and Brady, J. F.},
    TITLE = {Accelerated {S}tokesian {D}ynamics {S}imulations},
    JOURNAL = {J. Fluid Mech.},
    YEAR = {2001},
    VOLUME = {448},
    PAGES = {115-146}
}

@ARTICLE{Darden93,
    AUTHOR = {Darden, T. and York, D. and Pedersen, L.},
    TITLE = {Particle {M}esh {E}wald-An {N}.{L}og({N}) {M}ethod {F}or {E}wald {S}ums in {L}arge {S}ystems},
    JOURNAL = {J. Chem. Phys.},
    YEAR = {1993},
    VOLUME = {98},
    PAGES = {10089-10092}
}

@ARTICLE{Chen96,
    AUTHOR = {Chen, S. B. and Koch, D. L.},
    TITLE = {Rheology of {D}ilute {S}uspensions of {C}harged {F}ibers},
    JOURNAL = {Phys. Fluids},
    YEAR = {1996},
    VOLUME = {8},
    PAGES = {2792-2807}
}

@ARTICLE{Kuhn98,
    AUTHOR = {Kuhn, P. S. and Levin, Y. and Barbosa, M. C.},
    TITLE = {Rodlike {P}olyelectrolytes in the {P}resence of {M}onovalent {S}alt},
    JOURNAL = {Macromolecules},
    YEAR = {1998},
    VOLUME = {31},
    PAGES = {8347-8355}
}

@ARTICLE{Branka94,
    AUTHOR = {Branka, A. C. and Heyes, D. M.},
    TITLE = {Brownian {D}ynamics {S}imulations of {S}elf-{D}iffusion and {S}hear {V}iscosity of {N}ear-{H}ard-{S}phere {C}olloids},
    JOURNAL = {Phys. Rev. E},
    YEAR = {1994},
    VOLUME = {50},
    PAGES = {2377-2380}
}

@ARTICLE{Tanaka00,
    AUTHOR = {Tanaka, H. and Araki, T.},
    TITLE = {Simulation {M}ethod of {C}olloidal {S}uspensions with {H}ydrodynamic {I}nteractions: {F}luid {P}article {D}ynamics},
    JOURNAL = {Phys. Rev. Lett.},
    YEAR = {2000},
    VOLUME = {85},
    PAGES = {1338-1341}
}

@ARTICLE{Schiek97,
    AUTHOR = {Schiek, R. L. and Shaqfeh, E. S. G.},
    TITLE = {Cross-{S}treamline {M}igration of {S}lender {B}rownian {F}ibres in {P}lane {P}oiseuille {F}low},
    JOURNAL = {J. Fluid Mech.},
    YEAR = {1997},
    VOLUME = {332},
    PAGES = {23-39}
}

@ARTICLE{Nitsche97,
    AUTHOR = {Nitsche, L. C. and Hinch, E. J.},
    TITLE = {Shear-{I}nduced {L}ateral {M}igration of {B}rownian {R}igid {R}ods in {P}arabolic {C}hannel {F}low},
    JOURNAL = {J. Fluid Mech.},
    YEAR = {1997},
    VOLUME = {332},
    PAGES = {1-21}
}

@ARTICLE{Schiek95,
    AUTHOR = {Schiek, R. L. and Shaqfeh, E. S. G.},
    TITLE = {A {N}onlocal {T}heory for {S}tress in {B}ound, {B}rownian {S}uspensions of {S}lender, {R}igid {F}ibers},
    JOURNAL = {J. Fluid Mech.},
    YEAR = {1995},
    VOLUME = {296},
    PAGES = {271-324}
}

@ARTICLE{Brenner79,
    AUTHOR = {Brenner, H.},
    TITLE = {Taylor {D}ispersion in {S}ystems of {S}edimenting {N}onspherical {B}rownian {P}articles .1. {H}omogeneous, {C}entrosymmetric, {A}xisymmetric {P}articles},
    JOURNAL = {J. Colloid Int. Sci.},
    YEAR = {1979},
    VOLUME = {71},
    PAGES = {189-208}
}

@ARTICLE{Shaq90,
    AUTHOR = {Shaqfeh, E. S. G. and Fredrickson, G. H.},
    TITLE = {The {H}ydrodynamic {S}tress in a {S}uspension of {R}ods},
    JOURNAL = {Phys. Fluids A. Fluid Dyn.},
    YEAR = {1990},
    VOLUME = {2},
    PAGES = {7-24}
}

@ARTICLE{Cobb05,
    AUTHOR = {Cobb, P. D. and Butler, J. E.},
    TITLE = {Simulations of {C}oncentrated {S}uspensions of {R}igid {F}ibers: {R}elationship {B}etween {S}hort-{T}ime {D}iffusivities and the {L}ong-{T}ime {R}otational {D}iffusion},
    JOURNAL = {J. Chem. Phys.},
    YEAR = {2005},
    VOLUME = {123},
    PAGES = {054908}
}

@ARTICLE{Cobb06,
    AUTHOR = {Cobb, P. D. and Butler, J. E.},
    TITLE = {Simulations of {C}oncentrated {S}uspensions of {S}emi-{R}igid {F}ibers: {E}ffect of {F}lexibility on the {R}otational {D}iffusivity},
    JOURNAL = {Macromolecules},
    YEAR = {2006},
    VOLUME = {39},
    PAGES = {886-892}
}

@ARTICLE{Jiang01,
    AUTHOR = {Jiang, P. and Berone, J. F. and Colvin, V. L.},
    TITLE = {A {L}ost-{W}ax {A}pproach to {M}onodisperse {D}olloids and {T}heir {C}rystals},
    JOURNAL = {Science},
    YEAR = {2001},
    VOLUME = {291},
    PAGES = {453-457}
}

@ARTICLE{Cepak99,
    AUTHOR = {Cepak, V. M. and Martin, C. R.},
    TITLE = {Preparation of {P}olymeric {M}icro- and {N}anostructures {U}sing a {T}emplate-{B}ased {D}eposition {M}ethod},
    JOURNAL = {Chem. Mater.},
    YEAR = {1999},
    VOLUME = {11},
    PAGES = {1363-1367}
}

@ARTICLE{Vigolo00,
    AUTHOR = {Vigolo, B. and Penicaud, A. and Coulon, C. and Sauder, C. and Pailler, R. and Journet, C. and Bernier, P. and Poulin, P.},
    TITLE = {Macroscopic {F}ibers and {R}ibbons of {O}riented {C}arbon {N}anotubes},
    JOURNAL = {Science},
    YEAR = {2000},
    VOLUME = {290},
    PAGES = {1331-1334}
}

@ARTICLE{Hobbie03,
    AUTHOR = {Hobbie, E. K. and Wang, H. and Kim, H. and Lin-Gibson, S. and Grulke, E. A.},
    TITLE = {Orientation and {C}arbon {N}anotubes in {S}heared {P}olymer {M}elt},
    JOURNAL = {Phys. Fluids},
    YEAR = {2003},
    VOLUME = {15},
    PAGES = {1196-1202}
}

@ARTICLE{Kubota83,
    AUTHOR = {Kubota, K. and Chu, B.},
    TITLE = {Laser-{L}ight {S}cattering of {PBLG} in {DMF}},
    JOURNAL = {Biopolymers},
    YEAR = {1983},
    VOLUME = {209},
    PAGES = {521-542}
}

@ARTICLE{Brady01,
    AUTHOR = {Brady, J. F.},
    TITLE = {Computer {S}imulation of {V}iscous {S}uspensions},
    JOURNAL = {Chem. Eng. Sci.},
    YEAR = {2001},
    VOLUME = {56},
    PAGES = {2921-2926}
}

@ARTICLE{Bender95,
    AUTHOR = {Bender, J. W. and Wagner, N. J.},
    TITLE = {Optical {M}easurement of the {C}ontributions of {C}olloidal {F}orces to the {R}heology of {C}oncentrated {S}uspensions},
    JOURNAL = {J. Colloid Interface Sci.},
    YEAR = {1995},
    VOLUME = {172},
    PAGES = {171-184}
}

@ARTICLE{Powell01,
    AUTHOR = {Powell, R. L. and Morrison, T. G. and Milliken, W. J.},
    TITLE = {Apparent {V}iscosity of {S}uspensions of {R}ods {U}sing {F}alling {B}all {R}heometry},
    JOURNAL = {Phys. Fluids},
    YEAR = {2001},
    VOLUME = {13},
    PAGES = {588-593}
}

@ARTICLE{WilPhl03,
    AUTHOR = {Williams, S. R. and Philipse, A. P.},
    TITLE = {Random {P}ackings of {S}pheres and {S}pherocylinders {S}imulated by {M}echanical {C}ontraction},
    JOURNAL = {Phys. Rev. E.},
    YEAR = {2003},
    VOLUME = {67},
    PAGES = {051301}
}

@ARTICLE{Teraoka85,
    AUTHOR = {Teraoka, I. and Ookubo, N. and Hayakawa, R.},
    TITLE = {Molecular {T}heory on the {E}ntanglement {E}ffect of {R}odlike {P}olymers},
    JOURNAL = {Phys. Rev. Lett.},
    YEAR = {1985},
    VOLUME = {55},
    PAGES = {2712-2715}
}

@ARTICLE{Teraoka88,
    AUTHOR = {Teraoka, I. and Hayakawa, R.},
    TITLE = {Theory of {D}ynamics of {E}ntangled {R}od-{L}ike {P}olymers by use of a {M}ean-{F}ield {G}reen {F}unction {F}ormulation. {I}. {T}ransverse {D}iffusion},
    JOURNAL = {J. Chem. Phys.},
    YEAR = {1988},
    VOLUME = {89},
    PAGES = {6989-6995}
}

@ARTICLE{Teraoka89,
    AUTHOR = {Teraoka, I. and Hayakawa, R.},
    TITLE = {Theory of {D}ynamics of {E}ntangled {R}od-{L}ike {P}olymers by use of a {M}ean-{F}ield {G}reen {F}unction {F}ormulation. {II}. {R}otational {D}iffusion},
    JOURNAL = {J. Chem. Phys.},
    YEAR = {1989},
    VOLUME = {91},
    PAGES = {2643-2648}
}

@ARTICLE{Szamel93,
    AUTHOR = {Szamel, G.},
    TITLE = {Reptation as a {D}ynamic {M}ean-{F}ield {T}heory: {S}tudy of a {S}imple {M}odel of {R}odlike {P}olymers},
    JOURNAL = {Phys. Rev. Lett.},
    YEAR = {1993},
    VOLUME = {70},
    PAGES = {3744-3747}
}

@ARTICLE{Lowen94,
    AUTHOR = {Lowen, H.},
    TITLE = {Brownian {D}ynamics of {H}ard {S}pherocylinders},
    JOURNAL = {Phys. Rev. E},
    YEAR = {1994},
    VOLUME = {50},
    PAGES = {1232-1243}
}

@ARTICLE{Mori82,
    AUTHOR = {Mori, Y. and Ookubo, N. and Hayakawa, R. and Wada, Y.},
    TITLE = {Relaxational {B}ehavior of {B}irefringence of {A}queous {C}arboxymethylcellulose under an {A}lternating {E}lectric {F}ield at {F}requencies {R}anging from 0.1 {H}z to 100 k{H}z},
    JOURNAL = {J. Polym. Sci. Polym. Phys. Ed.},
    YEAR = {1982},
    VOLUME = {20},
    PAGES = {2111}
}

@ARTICLE{Fixman86,
    AUTHOR = {Fixman, M.},
    TITLE = {Implicit {A}lgorithm {F}or {B}rownian {D}ynamics of {P}olymers},
    JOURNAL = {Macromolecules},
    YEAR = {1986},
    VOLUME = {19},
    PAGES = {1195-1204}
}

@ARTICLE{Doi75,
    AUTHOR = {Doi, M.},
    TITLE = {Rotational {R}elaxation-{T}ime of {R}od-{L}ike {M}acromolecules in {C}oncentrated {S}olution},
    JOURNAL = {J. Physique},
    YEAR = {1975},
    VOLUME = {36},
    PAGES = {607-611}
}

@BOOK{Adams89,
    AUTHOR = {Adams, W. W. and Eby, R. K. and McLemore, D. E.},
    TITLE = {The {M}aterials {S}cience and {E}ngineering of {R}igid-{R}od {P}olymers},
    PUBLISHER = {Materials Research Society: Pittsburgh},
    ADDRESS = {Pittsburgh, PA},
    YEAR = {1989},
}

@ARTICLE{TracyPec92a,
    AUTHOR = {Tracy, M. A. and Pecora, R.},
    TITLE = {Dynamics of {R}igid and {S}emirigid {R}odlike {P}olymers},
    JOURNAL = {Ann. Rev. Phys. Chem.},
    YEAR = {1992},
    VOLUME = {43},
    PAGES = {525-557}
}

@ARTICLE{TracyPec92b,
    AUTHOR = {Tracy, M. A. and Pecora, R.},
    TITLE = {Synthesis, {C}haracterization, and {D}ynamics of a {R}od/{S}phere {C}omposite {L}iquid},
    JOURNAL = {Macromolecules},
    YEAR = {1992},
    VOLUME = {25},
    PAGES = {337-349}
}

@ARTICLE{Huynh02,
    AUTHOR = {Huynh, W. U. and Dittmer, J. J. and Alivasatos, A. P.},
    TITLE = {Hybrid {N}anorod-{P}olymer {S}olar {C}ells},
    JOURNAL = {Science},
    YEAR = {2002},
    VOLUME = {295},
    PAGES = {2425-2427}
}

@ARTICLE{Batchelor,
    AUTHOR = {Batchelor, G. K.},
    TITLE = {Slender-{B}ody {T}heory for {P}articles of {A}rbitrary {C}ross-{S}ection in {S}tokes {F}low},
    JOURNAL = {J. Fluid Mech.},
    YEAR = {1970},
    VOLUME = {44},
    PAGES = {419-440}
}

@ARTICLE{Larson99,
    AUTHOR = {Larson, R. G. and Magda, J. J. and Huang, C. M.},
    TITLE = {The {E}ffect of {T}emperature and {C}oncentration on {N}-1 and {T}umbling in a {L}iquid {C}rystal {P}olymer},
    JOURNAL = {J. Rheol.},
    YEAR = {1999},
    VOLUME = {43},
    PAGES = {31-50}
}

@ARTICLE{DeGennes71,
    AUTHOR = {DeGennes, P. G.},
    TITLE = {Reptation of a {P}olymer {C}hain in {P}resence of {F}ixed {O}bstacles},
    JOURNAL = {J. Chem. Phys.},
    YEAR = {1971},
    VOLUME = {55},
    PAGES = {572}
}

@ARTICLE{Keep85,
    AUTHOR = {Keep, G. T. and Pecora, R.},
    TITLE = {Reevaluation of the {D}ynamic-{M}odel for {R}otational {D}iffusion of {T}hin, {R}igid {R}ods in {S}emidilute {P}olymer {R}ods},
    JOURNAL = {Phys. Rev. Lett.},
    YEAR = {1985},
    VOLUME = {18},
    PAGES = {1167-1173}
}

@ARTICLE{Marrucci83,
    AUTHOR = {Marrucci, G. and Grizzuti, N.},
    TITLE = {The {F}ree-{E}nergy {F}unction of the {D}oi-{E}dwards {T}heory-{A}nalysis of the {I}nstabilities in {S}tress-{R}elaxation},
    JOURNAL = {J. of Rheol.},
    YEAR = {1983},
    VOLUME = {27},
    PAGES = {433-450}
}

@ARTICLE{Fixman85a,
    AUTHOR = {Fixman, M.},
    TITLE = {Entanglements of {S}emidilute {P}olymer {R}ods},
    JOURNAL = {Phys. Rev. Lett.},
    YEAR = {1985},
    VOLUME = {54},
    PAGES = {337-339}
}

@ARTICLE{Fixman85b,
    AUTHOR = {Fixman, M.},
    TITLE = {Dynamics of {S}emidilute {P}olymer {R}ods-{A}n {A}lternative to {C}ages},
    JOURNAL = {Phys. Rev. Lett.},
    YEAR = {1985},
    VOLUME = {55},
    PAGES = {2429-2432}
}

@ARTICLE{Odell83,
    AUTHOR = {Odell, J. A. and Atkins, E. D. T. and Keller, A.},
    TITLE = {Diffusion and {O}rientability of {R}igid-{R}od {M}olecules},
    JOURNAL = {J. Pol. Sci. C-Pol. Lett. },
    YEAR = {1983},
    VOLUME = {21},
    PAGES = {289-300}
}

@ARTICLE{Phal99,
    AUTHOR = {Phalakornkul, J. K. and Gast, A. P. and Pecora, R.},
    TITLE = {Rotational and {T}ranslational {D}ynamics of {R}odlike {P}olymers: {A} {C}ombined {T}ransient {E}lectric {B}irefringence and {D}ynamic {L}ight {S}cattering {S}tudy},
    JOURNAL = {Macromolecules},
    YEAR = {1999},
    VOLUME = {32},
    PAGES = {3122-3135}
}

@ARTICLE{Keep88,
    AUTHOR = {Keep, G. T. and Pecora, R.},
    TITLE = {Dynamics of {R}odlike {M}acromolecules in {N}ondilute {S}olutions-{P}oly({N}ormal-alkyl {I}socyanates)},
    JOURNAL = {Macromolecules},
    YEAR = {1988},
    VOLUME = {21},
    PAGES = {817-829}
}

@ARTICLE{Claeys93b,
    AUTHOR = {Claeys, I. L. and Brady, J. F.},
    TITLE = {Suspensions of {P}rolate {S}pheroids in {S}tokes {F}low. {P}art 2. {S}tatistically {H}omogeneous {D}ispersions},
    JOURNAL = {J. Fluid Mech.},
    YEAR = {1993},
    VOLUME = {251},
    PAGES = {443-477}
}

@ARTICLE{DeLong91,
    AUTHOR = {DeLong, L. M. and Russo, P. S.},
    TITLE = {Thermodynamics and {D}ynamic {B}ehavior of {S}emiflexible {P}olymers in the {I}sotropic-{P}hase},
    JOURNAL = {Macromolecules},
    YEAR = {1991},
    VOLUME = {24},
    PAGES = {6139-6155}
}

@ARTICLE{Doi84,
    AUTHOR = {Doi, M. and Yamamoto, I. and Kano, F.},
    TITLE = {Monte-{C}arlo {S}imulation of the {D}ynamics of {T}hin {R}odlike {P}olymers in {C}oncentrated-{S}olution},
    JOURNAL = {J. Phys. Soc. Jpn.},
    YEAR = {1984},
    VOLUME = {53},
    PAGES = {3000-3003}
}

@ARTICLE{Zero82,
    AUTHOR = {Zero, K. M. and Pecora, R.},
    TITLE = {Rotational and {T}ranslational {D}iffusion in {S}emi-{D}ilute {S}olutions of {R}igid-{R}od {M}acromolecules},
    JOURNAL = {Macromolecules},
    YEAR = {1982},
    VOLUME = {15},
    PAGES = {87-93}
}

@ARTICLE{DoiEdw78,
    AUTHOR = {Doi, M. and Edwards, S. F.},
    TITLE = {Dynamics of {R}od-like {M}acromolecules in {C}oncentrated-{S}olution. 1},
    JOURNAL = {J. Chem. Soc., Faraday Trans.},
    YEAR = {1978},
    VOLUME = {74},
    PAGES = {560-570}
}

@ARTICLE{Brady88,
    AUTHOR = {Brady, J. F. and Bossis, G.},
    TITLE = {Stokesian {D}ynamics},
    JOURNAL = {Annu. Rev. Fluid Mech.},
    YEAR = {1988},
    VOLUME = {20},
    PAGES = {111-157}
}

@ARTICLE{Jeffrey22,
    AUTHOR = {Jeffrey, G. B.},
    TITLE = {The {M}otion of {E}llipsoidal {P}articles {I}mmersed in a {V}iscous {F}luid},
    JOURNAL = {Proc. R. Soc. London A},
    YEAR = {1922},
    VOLUME = {102},
    PAGES = {161-179}
}

@ARTICLE{Hinch72,
    AUTHOR = {Hinch, E. J. and Leal, L. G.},
    TITLE = {The {E}ffect of {B}rownian {M}otion on the {R}heological {P}roperties of a {S}uspension of {N}on-{S}pherical {P}articles},
    JOURNAL = {J. Fluid Mech.},
    YEAR = {1972},
    VOLUME = {52},
    PAGES = {683-712}
}

@ARTICLE{Brenner74,
    AUTHOR = {Brenner, H.},
    TITLE = {Rheology of a {D}ilute {S}uspension of {A}xisymmetric {B}rownian {P}articles},
    JOURNAL = {Int. J. Multiphase Flow},
    YEAR = {1974},
    VOLUME = {1},
    PAGES = {195-341}
}

@ARTICLE{Berry87,
    AUTHOR = {Berry, D. H. and Russel, W. B.},
    TITLE = {The {R}heology of {D}ilute {S}uspensions of {S}lender {R}ods in {W}eak {F}lows},
    JOURNAL = {J. Fluid Mech.},
    YEAR = {1987},
    VOLUME = {180},
    PAGES = {475-494}
}

@ARTICLE{Wier98,
    AUTHOR = {Wierenga, A. M. and Philipse, A. P.},
    TITLE = {Low-{S}hear {V}iscosity of {I}sotropic {D}ispersions of ({B}rownian) {R}ods and {F}ibres; {A} {R}eview of {T}heory and {E}xperiments},
    JOURNAL = {Coll. Surf. A-Physicochem. Eng. Aspects},
    YEAR = {1998},
    VOLUME = {137},
    PAGES = {355-372}
}

@ARTICLE{Mead90,
    AUTHOR = {Mead, D. W. and Larson, R. G.},
    TITLE = {Rheooptical {S}tudy of {I}sotropic {S}olutions of {S}tiff {P}olymers},
    JOURNAL = {Macromolecules},
    YEAR = {1990},
    VOLUME = {23},
    PAGES = {2524-2533}
}

@ARTICLE{Boek97,
    AUTHOR = {Boek, E. S. and Coveney, P. V. and Lekkerkerker, H. N. W. and {Van Der Schoot}, P.},
    TITLE = {Simulating the {R}heology of {D}ense {C}olloidal {S}uspensions {U}sing {D}issipative {P}article {D}ynamics},
    JOURNAL = {Phys. Rev. E},
    YEAR = {1997},
    VOLUME = {55},
    PAGES = {3124-3133}
}

@ARTICLE{Mason97,
    AUTHOR = {Mason, T. G. and Ganesan, K. and {Van Zanten}, J. H. and Wirtz, D. and Kuo, S. C.},
    TITLE = {Particle {T}racking {M}icrorheology of {C}omplex {F}luids},
    JOURNAL = {Phys. Rev. Lett.},
    YEAR = {1997},
    VOLUME = {79},
    PAGES = {3282-3285}
}

@ARTICLE{Gittes97,
    AUTHOR = {Gittes, F. and Schnurr, B. and Olmsted, P. D. and MacKintosh, F. C. and Schmidt, C. F.},
    TITLE = {Microscopic {V}iscoelasticity: {S}hear {M}oduli of {S}oft {M}aterials {D}etermined {F}rom {T}hermal {F}luctuations},
    JOURNAL = {Phys. Rev. Lett.},
    YEAR = {1997},
    VOLUME = {79},
    PAGES = {3286-3289}
}

@ARTICLE{Mason95,
    AUTHOR = {Mason, T. G. and Weitz, D. A.},
    TITLE = {Optical {M}easurements of {F}requency-{D}ependent {L}inear {V}iscoelastic {M}oduli of {C}omplex {F}luids},
    JOURNAL = {Phys. Rev. Lett.},
    YEAR = {1995},
    VOLUME = {74},
    PAGES = {1250-1253}
}

@ARTICLE{Pope02,
    AUTHOR = {Popescu, G. and Dogariu, A. and Rajagopalan, R.},
    TITLE = {Spatially {R}esolved {M}icrorheology {U}sing {L}ocalized {C}oherence {V}olumes},
    JOURNAL = {Phys. Rev. E},
    YEAR = {2002},
    VOLUME = {65},
    PAGES = {041504}
}

@ARTICLE{Rad96,
    AUTHOR = {Radmacher, M. and Fritz, M. and Kacher, C. M. and Cleveland, J. P. and Hansma, P. K.},
    TITLE = {Measuring the {V}iscoelastic {P}roperties of {H}uman {P}latelets with the {A}tomic {F}orce {M}icroscope},
    JOURNAL = {Biophys. J.},
    YEAR = {1996},
    VOLUME = {70},
    PAGES = {556-567}
}

@ARTICLE{Schmidt96,
    AUTHOR = {Schmidt, F. G. and Ziemann, F. and Sackmann, E.},
    TITLE = {Shear {F}ield {M}apping in {A}ctin {N}etworks by using {M}agnetic {T}weezers},
    JOURNAL = {Euro. Biophys. J. Biophys. Lett.},
    YEAR = {1996},
    VOLUME = {24},
    PAGES = {348-353}
}

@ARTICLE{Kluij00,
    AUTHOR = {Kluijtmans, S. G. J. M. and Koenderink, G. H. and Philipse, A. P.},
    TITLE = {Self-{D}iffusion and {S}edimentation of {T}racer {S}pheres in ({S}emi){D}ilute {D}ispersions of {R}igid {C}olloidal {R}ods},
    JOURNAL = {Phys. Rev. E},
    YEAR = {2000},
    VOLUME = {61},
    PAGES = {626-636}
}

@ARTICLE{Lang78,
    AUTHOR = {Langevin, D. and Rondelez, F.},
    TITLE = {Sedimentation of {L}arge {C}olloidal {P}articles {T}hrough {S}emidilute {P}olymer-{S}olutions},
    JOURNAL = {Polymer},
    YEAR = {1978},
    VOLUME = {19},
    PAGES = {875-882}
}

@ARTICLE{Ogston73,
    AUTHOR = {Ogston, A. G. and Preston, B. N. and Wells, J. D. and Snowden, J. M.},
    TITLE = {Transport of {C}ompact {P}articles {T}hrough {S}olutions of {C}hain-{P}olymers},
    JOURNAL = {Proc. Royal Soc. London A-Math. Phys. Eng. Sci.},
    YEAR = {1973},
    VOLUME = {333},
    PAGES = {297-316}
}

@ARTICLE{Harlen99,
    AUTHOR = {Harlen, O. G. and Sundararajakumar, R. R. and Koch, D. L.},
    TITLE = {Numerical {S}imulations of a {S}phere {S}ettling {T}hrough a {S}uspension of {N}eutrally {B}uoyant {F}ibres},
    JOURNAL = {J. Fluid Mech.},
    YEAR = {1999},
    VOLUME = {388},
    PAGES = {355-388}
}

@ARTICLE{Broersma60a,
    AUTHOR = {Broersma, S.},
    TITLE = {Rotational {D}iffusion {C}onstant of a {C}ylindrical {P}article},
    JOURNAL = {J. Chem. Phys.},
    YEAR = {1960},
    VOLUME = {32},
    PAGES = {1626-1631}
}

@ARTICLE{Broersma60b,
    AUTHOR = {Broersma, S.},
    TITLE = {Viscous {F}orce {C}onstant for a {C}losed {C}ylinder},
    JOURNAL = {J. Chem. Phys.},
    YEAR = {1960},
    VOLUME = {32},
    PAGES = {1632-1635}
}

@ARTICLE{Mondy90,
    AUTHOR = {Mondy, L. A. and Morrison, T. G. and Graham, A. L. and Powell, R. L.},
    TITLE = {Measurements of the {V}iscosities of {S}uspensions of {O}riented {R}ods using {F}alling {B}all {R}heometry},
    JOURNAL = {Int. J. Multiphase Flow},
    YEAR = {1990},
    VOLUME = {16},
    PAGES = {651-662}
}

@ARTICLE{Rala97,
    AUTHOR = {Ralambotiana, T. and Blanc, R. and Chaouche, M.},
    TITLE = {Viscosity {S}caling in {S}uspensions of {N}on-{B}rownian {R}odlike {P}articles},
    JOURNAL = {Phys. Fluids},
    YEAR = {1997},
    VOLUME = {9},
    PAGES = {3588-3594}
}

@ARTICLE{Antonio02,
    AUTHOR = {Antonio, D. and Chaouche, M.},
    TITLE = {Sedimentation of a {S}phere in a {S}uspension of {N}eutrally {B}uoyant {F}ibers},
    JOURNAL = {J. Rheol.},
    YEAR = {2002},
    VOLUME = {46},
    PAGES = {749-759}
}

@ARTICLE{Butler02,
    AUTHOR = {Butler, J. E. and Shaqfeh, E. S. G.},
    TITLE = {Dynamic {S}imulations of the {I}nhomogeneous {S}edimentation of {R}igid {F}ibres},
    JOURNAL = {J. Fluid Mech.},
    YEAR = {2002},
    VOLUME = {468},
    PAGES = {205-237}
}

@ARTICLE{Butler05,
    AUTHOR = {Butler, J. E. and Shaqfeh, E. S. G.},
    TITLE = {Brownian {D}ynamics {S}imulations of a {F}lexible {P}olymer {C}hain {W}hich {I}ncludes {C}ontinuous {R}esistance and {M}ultibody {H}ydrodynamic {I}nteractions},
    JOURNAL = {J. Chem. Phys.},
    YEAR = {2005},
    VOLUME = {122},
    PAGES = {014901}
}

@ARTICLE{ButlerJFM,
    AUTHOR = {Butler, J. E.},
    TITLE = {Brownian {D}ynamics of {M}icro-{M}echanical {M}odels with {R}igid {C}onstraints {B}etween {S}ubunits with {C}onfigurationally {D}ependent {M}ass and {M}obility {M}atrices},
    JOURNAL = {J. Fluid Mech. (Submitted)},
    YEAR = {2005},
    PAGES = {}
}

@ARTICLE{Mack98,
    AUTHOR = {Mackaplow, M. B. and Shaqfeh, E. S. G.},
    TITLE = {A {N}umerical {S}tudy of the {S}edimentation of {F}ibre {S}uspensions},
    JOURNAL = {J. Fluid Mech.},
    YEAR = {1998},
    VOLUME = {376},
    PAGES = {149-182}
}

@ARTICLE{Koch89,
    AUTHOR = {Koch, D. L. and Shaqfeh, E. S. G.},
    TITLE = {The {I}nstability of a {D}ispersion of {S}edimenting {S}pheroids},
    JOURNAL = {J. Fluid Mech.},
    YEAR = {1989},
    VOLUME = {209},
    PAGES = {521-542}
}

@ARTICLE{Herz96,
    AUTHOR = {Herzhaft, B. and Guazzelli, E. and Mackaplow, M. B. and Shaqfeh, E. S. G.},
    TITLE = {Experimental {I}nvestigation of the {S}edimentation of a {D}ilute {F}iber {S}uspension},
    JOURNAL = {Phys. Rev. Lett.},
    YEAR = {1996},
    VOLUME = {77},
    PAGES = {290-293}
}

@ARTICLE{Herz99,
    AUTHOR = {Herzhaft, B. and Guazzelli, E.},
    TITLE = {Experimental {S}tudy of the {S}edimentation of {D}ilute and {S}emi-{D}ilute {S}uspensions of {F}ibres},
    JOURNAL = {J. Fluid Mech.},
    YEAR = {1999},
    VOLUME = {384},
    PAGES = {133-158}
}

@ARTICLE{Chwang74,
    AUTHOR = {Chwang, A. T. and Wu, T. Y.},
    TITLE = {Hydromechanics of {L}ow-{R}eynolds-{N}umber {F}low .1. {R}otation of {A}xisymmetric {P}rolate {B}odies},
    JOURNAL = {J. Fluid Mech.},
    YEAR = {1974},
    VOLUME = {63},
    PAGES = {607-622}
}

@ARTICLE{Chwang75,
    AUTHOR = {Chwang, A. T. and Wu, T. Y.},
    TITLE = {Hydromechanics of {L}ow-{R}eynolds-{N}umber {F}low .2. {S}ingularity {M}ethod for {S}tokes {F}lows},
    JOURNAL = {J. Fluid Mech.},
    YEAR = {1975},
    VOLUME = {67},
    PAGES = {787-815}
}

@ARTICLE{Brenner66,
    AUTHOR = {Brenner, H.},
    TITLE = {Stokes {R}esistance of an {A}rbitrary {P}article .V. {S}ymbolic {O}perator {R}epresentation of {I}ntrinsic {R}esistance},
    JOURNAL = {Chem. Eng. Sci.},
    YEAR = {1966},
    VOLUME = {21},
    PAGES = {97}
}

@ARTICLE{Claeys93a,
    AUTHOR = {Claeys, I. L. and Brady, J. F.},
    TITLE = {Suspensions of {P}rolate {S}pheroids in {S}tokes {F}low. {P}art 1. {D}ynamics of a {F}inite {N}umber of {P}articles in an {U}nbounded {F}luid},
    JOURNAL = {J. Fluid Mech.},
    YEAR = {1993},
    VOLUME = {251},
    PAGES = {411-442}
}

@ARTICLE{Claeys93c,
    AUTHOR = {Claeys, I. L. and Brady, J. F.},
    TITLE = {Suspensions of {P}rolate {S}pheroids in {S}tokes {F}low. {P}art 3. {H}ydrodynamic {T}ransport-{P}roperties of {C}rystalline {D}ispersions},
    JOURNAL = {J. Fluid Mech},
    YEAR = {1993},
    VOLUME = {251},
    PAGES = {479-500}
}

@ARTICLE{Kim91,
    AUTHOR = {Kim, S. and Karrila, S. J.},
    TITLE = {Towards {A}binitio {S}imulations of {C}oncentrated {S}uspensions},
    JOURNAL = {J. Stat. Phys.},
    YEAR = {1991},
    VOLUME = {62},
    PAGES = {1197-1223}
}

@ARTICLE{Kim85,
    AUTHOR = {Kim, S.},
    TITLE = {A {N}ote on {F}axen {L}aws for {N}onspherical {P}articles},
    JOURNAL = {Int. J. Multiphase Flow},
    YEAR = {1985},
    VOLUME = {11},
    PAGES = {713-719}
}

@ARTICLE{Hasimoto59,
    AUTHOR = {Hasimoto, H.},
    TITLE = {On the {P}eriodic {F}undamental {S}olutions of the {S}tokes {E}quations and their {A}pplication to {V}iscous {F}low {P}ast a {C}ubic {A}rray of {S}pheres},
    JOURNAL = {J. Fluid Mech.},
    YEAR = {1959},
    VOLUME = {5},
    PAGES = {317-328}
}

@ARTICLE{Ladd88,
    AUTHOR = {Ladd, A. J. C.},
    TITLE = {Hydrodynamic {I}nteractions in a {S}uspension of {S}pherical-{P}articles},
    JOURNAL = {J. Chem. Phys.},
    YEAR = {1988},
    VOLUME = {88},
    PAGES = {5051-5063}
}

@ARTICLE{Durl87,
    AUTHOR = {Durlofsky, L. and Brady, J. F. and Bossis, G.},
    TITLE = {Dynamic {S}imulation of {H}ydrodynamically {I}nteracting {P}articles},
    JOURNAL = {J. Fluid Mech.},
    YEAR = {1987},
    VOLUME = {180},
    PAGES = {21-49}
}

@ARTICLE{Sund97,
    AUTHOR = {Sundararajakumar, R. R. and Koch, D. L.},
    TITLE = {Structure and {P}roperties of {S}heared {F}iber {S}uspensions with {M}echanical {C}ontacts},
    JOURNAL = {J. Non-Newtonian Fluid Mech.},
    YEAR = {1997},
    VOLUME = {73},
    PAGES = {205-239}
}

@ARTICLE{Yamane94,
    AUTHOR = {Yamane, Y. and Kaneda, Y. and Dio, M.},
    TITLE = {Numerical-{S}imulation of {S}emidilute {S}uspensions of {R}odlike {P}articles in {S}hear-{F}low},
    JOURNAL = {J. Non-Newtonian Fluid Mech.},
    YEAR = {1994},
    VOLUME = {54},
    PAGES = {405-421}
}

@ARTICLE{Fan98,
    AUTHOR = {Fan, X. J. and Phan-Thien, N. and Zheng, R.},
    TITLE = {A {D}irect {S}imulation of {F}ibre {S}uspensions},
    JOURNAL = {J. Non-Newtonian Fluid Mech.},
    YEAR = {1998},
    VOLUME = {74},
    PAGES = {113-135}
}

@ARTICLE{Claeys89,
    AUTHOR = {Claeys, T. L. and Brady, J. F.},
    TITLE = {Lubrication {S}ingularities of the {G}rand {R}esistance {T}ensor for 2 {A}rbitrary {P}articles},
    JOURNAL = {Physicochemical Hydrodynamics},
    YEAR = {1989},
    VOLUME = {11},
    PAGES = {261-293}
}

@ARTICLE{Sato91,
    AUTHOR = {Sato, T. and Teramoto, A.},
    TITLE = {Dynamics of {S}tiff-{C}hain {P}olymers in {I}sotropic {S}olution: {Z}ero-{S}hear {V}iscosity of {R}odlike {P}olymers},
    JOURNAL = {Macromolecules},
    YEAR = {1991},
    VOLUME = {24},
    PAGES = {193-196}
}

@ARTICLE{Tirado84,
    AUTHOR = {Tirado, M. M. and Martinez, C. L. and Delatorre, J. G.},
    TITLE = {Comparison of {T}heories for the {T}ranslational and {R}otational {D}iffusion-{C}oefficients of {R}od-{L}ike {M}acromolecules-{A}pplication to {S}hort {DNA} {F}ragments},
    JOURNAL = {J. Chem. Phys.},
    YEAR = {1984},
    VOLUME = {81},
    PAGES = {2047-2052}
}


@ARTICLE{Medinanoyola88,
    AUTHOR = {Medinanoyola, M.},
    TITLE = {Long-{T}ime {S}elf-{D}iffusion in {C}oncentrated {C}olloidal {D}ispersions},
    JOURNAL = {Phys. Rev. Lett.},
    YEAR = {1988},
    VOLUME = {60},
    PAGES = {2705-2708}
}

@ARTICLE{Mack96,
    AUTHOR = {Mackaplow, M. B. and Shaqfeh, E. S. G. },
    TITLE = {A {N}umerical {S}tudy of the {R}heological {P}roperties of {S}uspensions of {R}igid, {N}on-{B}rownian {F}ibres},
    JOURNAL = {J. Fluid Mech.},
    YEAR = {1996},
    VOLUME = {329},
    PAGES = {155-186}
}

@ARTICLE{Cush02,
    AUTHOR = {Cush, R. C. and Russo, P. S.},
    TITLE = {Self-{D}iffusion of a {R}odlike {V}irus in the {I}sotropic {P}hase},
    JOURNAL = {Macromolecules},
    YEAR = {2002},
    VOLUME = {35},
    PAGES = {8659-8662}
}

@ARTICLE{Bu94,
    AUTHOR = {Bu, Z. and Russo, P. S. and Tipton, D. L. and Negulescu, I. I.},
    TITLE = {Self-{D}iffusion of {R}odlike {P}olymers in {I}sotropic {S}olutions},
    JOURNAL = {Macromolecules},
    YEAR = {1994},
    VOLUME = {27},
    PAGES = {6871-6882}
}

@ARTICLE{vanBruggen97,
    AUTHOR = {{van Bruggen}, M. P. B. and Lekkerkerker, H. N. W. and Dhont, J. K. G.},
    TITLE = {Long-{T}ime {T}ranslational {S}elf-{D}iffusion in {I}sotropic {D}ispersions of {C}olloidal {R}ods},
    JOURNAL = {Phys. Rev. E},
    YEAR = {1997},
    VOLUME = {56},
    PAGES = {4394-4403}
}

@ARTICLE{vanBruggen98,
    AUTHOR = {{van Bruggen}, M. P. B. and Lekkerkerker, H. N. W. and Maret, G. and Dhont, J. K. G.},
    TITLE = {Long-{T}ime {T}ranslational {S}elf-{D}iffusion in {I}sotropic and {N}ematic {D}ispersions of {C}olloidal {R}ods},
    JOURNAL = {Phys. Rev. E},
    YEAR = {1998},
    VOLUME = {58},
    PAGES = {7668-7677}
}

@ARTICLE{Dhont99,
    AUTHOR = {Dhont, J. K. G. and {van Bruggen}, M. P. B. and Briels, W. J.},
    TITLE = {Long-{T}ime {S}elf-{D}iffusion of {R}igid {R}ods at {L}ow {C}oncentrations: {A} {V}ariational {A}pproach},
    JOURNAL = {Macromolecules},
    YEAR = {1999},
    VOLUME = {32},
    PAGES = {3809-3816}
}

@PHDTHESIS{Mack95,
    AUTHOR = {Mackaplow, M. B.},
    TITLE = {A {S}tudy of the {T}ransport {P}roperties and {S}edimentation {C}haracteristics of {F}iber {S}uspensions},
    SCHOOL = {Stanford University},
    MONTH = {October},
    YEAR = {1995},
}

@BOOK{HappBren65,
    AUTHOR = {Happel, J. and Brenner, H.},
    TITLE = {Low {R}eynolds {N}umber {H}ydrodynamics},
    PUBLISHER = {Prentice Hall},
    ADDRESS = {Stoneham, MA},
    YEAR = {1965},
}

@ARTICLE{Oberbeck76,
    AUTHOR = {Oberbeck, A.},
    TITLE = {Ueber {S}tationare {F}lussigkeitsbewegungen mit {B}erucksicthigung der {I}nneren {R}eibung ({O}n {S}teady {S}tate {F}luid {F}low and the {C}alculation of the {D}rag)},
    JOURNAL = {J. Reine Angew. Math.},
    YEAR = {1876},
    VOLUME = {81},
    PAGES = {62-80}
}

@ARTICLE{Hinch94,
    AUTHOR = {Hinch, E. J.},
    TITLE = {Brownian {M}otion with {S}tiff {B}onds and {R}igid {C}onstraints},
    JOURNAL = {J. Fluid Mech.},
    YEAR = {1994},
    VOLUME = {271},
    PAGES = {219-234}
}

@ARTICLE{Yu67,
    AUTHOR = {Yu, H. and Stockmayer, W. H.},
    TITLE = {Intrinsic {V}iscosity of a {O}nce-{B}roken {R}od},
    JOURNAL = {J. Chem. Phys},
    YEAR = {1967},
    VOLUME = {47},
    PAGES = {1369-1373}
}

@ARTICLE{Morse04,
    AUTHOR = {Morse, D. C.},
    TITLE = {Theory of {C}onstrained {B}rownian {M}otion},
    JOURNAL = {Adv. Chem. Phys.},
    YEAR = {2004},
    VOLUME = {128},
    PAGES = {65-189}
}

@ARTICLE{Klaveness99,
    AUTHOR = {Klaveness, E. and Elgsaeter, A.},
    TITLE = {Brownian {D}ynamics of {B}ead-{R}od-{N}ugget-{S}pring {P}olymer {C}hains with {H}ydrodynamic {I}nteractions},
    JOURNAL = {J. Chem. Phys.},
    YEAR = {1999},
    VOLUME = {110},
    PAGES = {11608}
}

@ARTICLE{Pasquali01,
    AUTHOR = {Pasquali, M. and Shankar, V. and Morse, D. C.},
    TITLE = {Viscoelasticity of {D}ilute {S}olutions of {S}emiflexible {P}olymers},
    JOURNAL = {Phys. Rev. E},
    YEAR = {2001},
    VOLUME = {64},
    PAGES = {020802}
}

@ARTICLE{Odjik83,
    AUTHOR = {Odjik, T.},
    TITLE = {On the {S}tatistics and {D}ynamics of {C}onfined or {E}ntangled {S}tiff {P}olymers},
    JOURNAL = {Macromolecules},
    YEAR = {1983},
    VOLUME = {16},
    PAGES = {1340-1344}
}

@ARTICLE{Thirumalai94,
    AUTHOR = {Thirumalai, D.},
    TITLE = {Rotational {R}elaxation of a {C}ylinder and a {S}emirigid {M}olecule in {C}oncentrated {S}olutions},
    JOURNAL = {J. Chem. Phys},
    YEAR = {1994},
    VOLUME = {98},
    PAGES = {9265-9269}
}

@ARTICLE{Jend00,
    AUTHOR = {Jendrejack, R. M. and Graham, M. D. and {de Pablo}, J. J.},
    TITLE = {Hydrodynamic {I}nteractions in {L}ong {C}hain {P}olymers: {A}pplication of the {C}hebyshev {P}olynomial {A}pproximation in {S}tochastic {S}imulations},
    JOURNAL = {J. Chem. Phys.},
    YEAR = {2000},
    VOLUME = {113},
    PAGES = {2894-2900}
}

@ARTICLE{Gustin05,
    AUTHOR = {Gustin, J. and Joneson, A. and Mahinfalah, M. and Stone, J.},
    TITLE = {Low {V}elocity {I}mpact of {C}ombination {K}evlar/{C}arbon {F}iber {S}andwich {C}omposites},
    JOURNAL = {Comp. Struct.},
    YEAR = {2005},
    VOLUME = {69},
    PAGES = {396-406}
}

@ARTICLE{Newman74,
    AUTHOR = {Newman, J. and Swinney, H. L. and Berkowitz, S. A. and Day, L. A.},
    TITLE = {Hydrodynamic {P}roperties and {M}olecular {W}eight of fd {B}acteriophage {DNA}},
    JOURNAL = {Biochemistry},
    YEAR = {1974},
    VOLUME = {13},
    PAGES = {4832-4838}
}

@ARTICLE{Wang91,
    AUTHOR = {Wang, L. and Garner, M. M. and Yu, H.},
    TITLE = {Self-{D}iffusion and {C}ooperative {D}iffusion of a {R}odlike {DNA} {F}ragment},
    JOURNAL = {Macromolecules},
    YEAR = {1991},
    VOLUME = {24},
    PAGES = {2368-2376}
}

@ARTICLE{Claire97,
    AUTHOR = {Claire, K. and Pecora, R.},
    TITLE = {Translational and {R}otational {D}ynamics of {C}ollagen in {D}ilute {S}olution},
    JOURNAL = {J. Phys. Chem. B},
    YEAR = {1997},
    VOLUME = {101},
    PAGES = {746-753}
}

@ARTICLE{Oh92,
    AUTHOR = {Oh, Y. R. and Park, O. O.},
    TITLE = {Transient {F}low {B}irefringence of {C}alf {S}kin {C}ollagen {S}olutions},
    JOURNAL = {J. Chem. Eng. Japan},
    YEAR = {1992},
    VOLUME = {25},
    PAGES = {243-249}
}

@ARTICLE{Chen80,
    AUTHOR = {Chen, F. C. and Koopmans, G. and Wiseman, R. L. and Day, L. A. and Swinney, H. L.},
    TITLE = {Dimensions of {X}f {V}irus from its {R}otational and {T}ranslational {D}iffusion {C}oefficients},
    JOURNAL = {Biochemistry},
    YEAR = {1980},
    VOLUME = {19},
    PAGES = {1373-1376}
}

@MISC{TMV_Wiki,
    TITLE = {Tobacco Mosaic Virus},
    HOWPUBLISHED = {Wikipedia, the free encyclopedia (http://en.wikipedia.org/wiki/Tobacco\_mosaic\_virus)},
    MONTH = {March},
    YEAR = {2006}
}

@ARTICLE{Pignon03,
    AUTHOR = {Pignon, F. and Magnin, A. and Piau, J.},
    TITLE = {The {O}rientation {D}ynamics of {R}igid {R}od {S}uspensions under {E}xtensional {F}low},
    JOURNAL = {J. Rheol.},
    YEAR = {2003},
    VOLUME = {47},
    PAGES = {371-388}
}

@ARTICLE{Helden03,
    AUTHOR = {Helden, L. and Roth, R. and Koenderink, G. H. and Leiderer, P. and Bechinger, C.},
    TITLE = {Direct {M}easurement of {E}ntropic {F}orces {I}nduced by {R}igid {R}ods},
    JOURNAL = {Phys. Rev. Lett.},
    YEAR = {2003},
    VOLUME = {90},
    PAGES = {048301}
}

@ARTICLE{Kang05,
    AUTHOR = {Kang, K. and Gapinski, J. and Lettinga, M. P. and Buitenhuis, J. and Meier, G. and Ratajczyk, M. and Dhont, J. K. G. and Patkowski, A.},
    TITLE = {Diffusion of {S}pheres in {C}rowded {S}uspensions of {R}ods},
    JOURNAL = {J. Chem. Phys.},
    YEAR = {2005},
    VOLUME = {122},
    PAGES = {044905}
}

@ARTICLE{Hooger92,
    AUTHOR = {Hoogerbrugge, P. J. and Koelman, J. M. V. A.},
    TITLE = {Simulating {M}icroscopic {H}ydrodynamic {P}henomena with {D}issipative {P}article {D}ynamics},
    JOURNAL = {Europhys. Lett.},
    YEAR = {1992},
    VOLUME = {19},
    PAGES = {155-160}
}

@ARTICLE{Koel93,
    AUTHOR = {Koelman, J. M. V. A. and Hoogerbrugge, P. J.},
    TITLE = {Dynamic {S}imulation of {H}ard {S}phere {S}uspensions {U}nder {S}teady {S}hear},
    JOURNAL = {Europhys. Lett.},
    YEAR = {1993},
    VOLUME = {21},
    PAGES = {363-368}
}

@BOOK{Plapack,
    AUTHOR = {{van de Geijn}, R. A.},
    TITLE = {Using {PLAPACK}},
    PUBLISHER = {The MIT Press},
    ADDRESS = {London, England},
    YEAR = {1997},
}

@BOOK{UsingMPI,
    AUTHOR = {Gropp, W. and Lusk, E. and Skjellum, A.},
    TITLE = {Using {MPI}},
    PUBLISHER = {The MIT Press},
    ADDRESS = {London, England},
    YEAR = {1994},
}

@BOOK{MPIReference,
    AUTHOR = {Snir, M. and Otto, S. W. and Huss-Lederman, S. and Walker, D. W. and Dongarra, J. J.},
    TITLE = {{MPI}: {T}he {C}omplete {R}eference},
    PUBLISHER = {The MIT Press},
    ADDRESS = {London, England},
    YEAR = {1996},
}

@ARTICLE{Santos03,
    AUTHOR = {Santos, E. E. and Chu, P. P.},
    TITLE = {Efficient and {O}ptimal {P}arallel {A}lgorithms for {C}holesky {D}ecomposition},
    JOURNAL = {J. Math. Mod. and Alg.},
    YEAR = {2003},
    VOLUME = {2},
    PAGES = {217-234}
}

@ARTICLE{Santos01,
    AUTHOR = {Chu, P. P. and Santos, E. E.},
    TITLE = {Parallel {L}ooping {A}lgorithms for {C}holesky {D}ecomposition},
    JOURNAL = {Par. Dist. Comp. and Sys.},
    YEAR = {2001},
    VOLUME = {342},
    PAGES = {419-424}
}

@ARTICLE{Islam97,
    AUTHOR = {Islam, N.},
    TITLE = {Customized {M}essage {P}assing},
    JOURNAL = {J. Par. Dist. Comp.},
    YEAR = {1997},
    VOLUME = {41},
    PAGES = {205-224}
}

@ARTICLE{Duff99,
    AUTHOR = {Duff, I. S. and {van der Vorst}, H. A.},
    TITLE = {Developments and {T}rends in the {P}arallel {S}olution of {L}inear {S}ystems},
    JOURNAL = {Par. Comp.},
    YEAR = {1999},
    VOLUME = {25},
    PAGES = {1931-1970}
}

@ARTICLE{Dongarra94,
    AUTHOR = {Dongarra, J. J. and {van de Geijn}, R. A. and Walker, D. W.},
    TITLE = {Scalability {I}ssues {A}ffecting the {D}esign of a {D}ense {L}inear {A}lgebra {L}ibrary},
    Journal = {J. Par. Dist. Comp.},
    YEAR = {1994},
    VOLUME = {22},
    PAGES = {523-537}
}

@ARTICLE{Gerb98,
    AUTHOR = {Gerbessiotis, A. V.},
    TITLE = {Practical {C}onsiderations of {P}arallel {S}imulations and {A}rchitecture {I}ndependent {P}arallel {A}lgorithm {D}esign},
    JOURNAL = {J. Par. Dist. Comp.},
    YEAR = {1998},
    VOLUME = {53},
    PAGES = {1-25}
}

@ARTICLE{Zheng95,
    AUTHOR = {Zheng, D. and Chang, T. Y. P.},
    TITLE = {Parallel {C}holesky {M}ethod on {MIMD} with {S}hared {M}emory},
    JOURNAL = {Comp. Struct.},
    YEAR = {1995},
    VOLUME = {56},
    PAGES = {25-38}
}

@CONFERENCE{Edwards92,
    AUTHOR = {Edwards, J. and Tomlin, J. A.},
    TITLE = {Parallel {C}holesky {F}actorisation},
    BOOKTITLE = {Fifth Australian Supercomputing Conference},
    YEAR = {1992},
    PAGES = {105-114}
}

@ARTICLE{Lawson79,
    AUTHOR = {Lawson, C. L. and Hanson, R. J. and Kincaid, D. R. and Krogh, F. T.},
    TITLE = {Basic {L}inear {A}lgebra {S}ubprograms for {FORTRAN} usage},
    JOURNAL = {ACM Trans. Math. Soft.},
    YEAR = {1979},
    VOLUME = {5},
    PAGES = {308-323}
}

@ARTICLE{Dongarra88,
    AUTHOR = {Dongarra, J. J. and {Du Croz}, J. and Hammarling, S. and Hanson, R. J.},
    TITLE = {An {E}xtended {S}et of {FORTRAN} {B}asic {L}inear {A}lgebra {S}ubprograms},
    JOURNAL = {ACM Trans. Math. Soft.},
    YEAR = {1988},
    VOLUME = {14},
    PAGES = {1-17}
}

@ARTICLE{Dongarra90,
    AUTHOR = {Dongarra, J. J. and {Du Croz}, J. and Hammarling, S. and Duff, I.},
    TITLE = {A {S}et of {L}evel 3 {B}asic {L}inear {A}lgebra {S}ubprograms},
    JOURNAL = {ACM Trans. Math. Soft.},
    YEAR = {1990},
    VOLUME = {16},
    PAGES = {1-17}
}

@MISC{gotoblas,
    TITLE = {Goto {BLAS}},
    howpublished = {Texas Advanced Computing Center: Software and Tools (http://www.tacc.utexas.edu/resources/software/)},
    MONTH = {March},
    YEAR = {2006}
}


@ARTICLE{,
    AUTHOR = {},
    TITLE = {},
    JOURNAL = {},
    YEAR = {},
    VOLUME = {},
    PAGES = {}
}
