@article{shepp82,
author      = {L. A. Shepp and Y. Vardi},
title       = {Maximum likelihood reconstruction for emission tomography},
journal     = {IEEE Trans. Med. Imag.},
volume      = {1},
number      = {},
pages       = {113--122},
year        = {1982},
}

@book{bazaraa93,
author          = {M. S. Bazaraa and H. D. Sherali and C. M. Shetty},
title           = {Nonlinear Programming: Theory and Algorithms},
edition         = {2},
publisher       = {J. Wiley \& Sons},
address         = {New York, N.Y.},
year            = {1993},
}

@phdthesis{carroll98,
author          ={R. B. Carroll},
title           ={An Orthogonal Series Approach to Positron Emission Tomography},
school          ={University of Florida},
year            ={1998},
month           ={October},
address         ={Gainesville, FL},
}

@article{green90,
author      = {P. Green},
title       = {On use of the {EM} {A}lgorithm for {P}enalized {L}ikelihood {E}stimation},
journal     = {J.R. Statist. Soc},
volume      = {52},
number      = {3},
pages       = {443--452},
year        = {1990},
}

@article{lange90,
author      = {K. Lange},
title       = {Convergence of {EM} image reconstruction algorithms with
                   {G}ibbs smoothing},
journal     = {IEEE Trans. Med. Imag.},
volume      = {9},
number      = {4},
pages       = {439--446},
year        = {1990},
}

@article{gillmair,
author      = {B. Mair and D. Gilland and J. Sun and Z. Cao},
title       = {An iterative algorithm for estimating images and non-rigid deformations in gated emission CT},
year        = {2004},
}
