@inproceedings{powertutor,
	author = {Lide Zhang and Birjodh Tiwana and Zhiyun Qian and Zhaoguang Wang and Robert P. Dick and Zhuoqing Morley Mao and Lei Yang},
	booktitle = {In Proceedings of International Conference on Hardware/Software Codesign and System Synthesis(CODES+ISSS)},
	pages = {105--114},
	publisher = {ACM},
	title = {Accurate online power estimation and automatic battery behavior based power model generation for smartphones.},
	year = {2010}
}

@inproceedings{snarf,
  author    = {Heungsik Eom and
			   Pierre St Juste and
			   Renato Figueiredo and
			   Omesh Tickoo and
			   Ramesh Illikkal and
			   Ravishankar Iyer},
  title     = {SNARF: A Social Networking-inspired Accelerator Remoting Framework.},
  booktitle = {In Proceedings of Workshop on Mobile Cloud Computing(MCC)},
  publisher = {ACM},
  year      = {2012},
  pages     = {29--34},
}

@inproceedings{maui,
	author = {Eduardo Cuervo and Aruna Balasubramanian and Dae-ki Cho and Alec Wolman and Stefan Saroiu and Ranveer Ch and Paramvir Bahl},
	booktitle = {In Proceedings of International Conference on Mobile Systems, Applications and Services(MobiSys)},
	pages = {49--62},
	publisher = {ACM},
	title = {MAUI: making smartphones last longer with code offload.},
	year = {2010}
}

@inproceedings{cuckoo,
	author = {Roelof Kemp and Nicholas Palmer and Thilo Kielmann and Henri E. Bal},
	booktitle = {In Proceedings of International Conference on Mobile Computing, Applications and Services(MobiCASE)},
	pages = {59--79},
	publisher = {Springer},
	title = {Cuckoo: A Computation Offloading Framework for Smartphones.},
	volume = {76},
	year = {2010}
}

@inproceedings{clonecloud,
  	author    = {Byung Gon Chun and
               Sunghwan Ihm and
               Petros Maniatis and
               Mayur Naik and
               Ashwin Patti},
  	title     = {CloneCloud: elastic execution between mobile device and
               cloud.},
  	booktitle = {In Proceedings of the European Conference on Computer Systems(EuroSys)},
  	year      = {2011},
  	pages     = {301--314},
}

@inproceedings{xiaohui,
  	author    = {Xiaohui Gu and
                 Klara Nahrstedt and
                 Alan Messer and
                 Ira Greenberg and
                 Dejan Milojicic},
  	title     = {Adaptive Offloading Inference for Delivering Applications in Pervasive computing Environments.},
  	booktitle = {In Proceedings of International Conference on Pervasive Computing and Communications(PerCom)},
	publish   = {IEEE},	
  	year      = {2003},
  	pages     = {107--114},
}

@inproceedings{shigeru,
  	author    = {Shigeru Imai and
                 Carlos A. Varela},
  	title     = {Light-Weight Adaptive Task Offloading from Smartphone to Nearby Computational Resources.},
  	booktitle = {In Proceedings of Symposium on Research in Applied Computation(RACS)},
	publisher = {ACM},
  	year      = {2011},
  	pages     = {146--152},
}

@inproceedings{hesham,
  	author    = {Hesham Arafat Ali and
                 Tamer Ahmed Farrag},
  	title     = {Mobile Computing Scheduling Mechanism Based on Self Ranking Algorithm.},
  	booktitle = {In Proceedings of International Conference on Information and Communication Technology(ICT)},
  	year      = {2005},
  	pages     = {291--305},
}

@inproceedings{karin,
  	author    = {Karin Anna Hummel and
                 Gerda Jelleschitz},
  	title     = {A Robust Decentralized Job Scheduling Approach for Mobile Peers in Ad-hoc Grids.},
  	booktitle = {In Proceedings of International Symposium on Cluster Computing and the Grid(CCGrid)},
	publisher = {IEEE},
  	year      = {2007},
  	pages     = {461--470},
}

@inproceedings{zheng,
  	author    = {Zheng Wang and
                 Michael F.P. O'Boyle},
  	title     = {Mapping Parallelism to Multi-cores: A MAchine Learning Based Approach.},
  	booktitle = {In Proceedings of SIGPLAN Symposium on Principles and Practice of Parallel Programming(PPoPP)},
	publisher = {ACM},
  	year      = {2009},
  	pages     = {75--84},
}

@inproceedings{josep,
	author	  = {Josep Ll. Berral and 
				 \'{I} Goiri and 
                 Ram\'{o}n Rou and 
                 Ferran Juli\`{a} and 
                 Jordi Guitart and 
                 Ricard Gavald\`{a} and 
                 Jordi Torres},
	title 	  = {Towards energy-aware scheduling in data centers using machine learning.},
	booktitle = {In Proceedings of International Conference on Energy-Efficient Computing and Networking(e-Energy)},
	year      = {2010},
	pages     = {215--224},
	publisher = {ACM},
}

@inproceedings{jiangtian,
	author = {Jiangtian Li and
			  Xiaosong Ma and 
              Karan Singh and 
              Martin Schulz and 
              Bronis R. de Supinski and 
              Sally A. McKee},
	booktitle = {In Proceedings of International Symposium on Performance Analysis of Systems and Software(ISPASS)},
	pages = {89--100},
	publisher = {IEEE},
	title = {Machine learning based online performance prediction for runtime parallelization and task scheduling.},
	year = {2009}
}

@inproceedings{waleed,
	author = {Waleed Alsalih and 
	          Selim Akl and 
              Hossam Hassanein},
	title = {Energy-Aware Task Scheduling: Towards Enabling Mobile Computing over MANETs.},
	booktitle = {In Proceedings of IEEE International Parallel and Distributed Processing Symposium(IPDPS)},
	year = {2005},
	publisher = {IEEE},
}

@inproceedings{domingos,
	author	= {Pedro Domingos},
	title	= {Rule induction and instance-based learning a unified approach},
	booktitle	= {In Proceedings of International Joint Conference on Artificial Intelligence(IJCAI)},
 year = {1995},
 pages = {1226--1232},
 publisher = {Morgan Kaufmann Publishers Inc.},
}  

@incollection{soyata,
	author		= {Tolga Soyata and 
                   He Ba and 
                   Wendi Heinzelman and 
                   Minseok Kwon and 
                   Jiye Shi},
	title		= {Accelerating Mobile Cloud Computing: A Survey},
	booktitle	= {Communication Infrastructures for Cloud Computing},
	publisher	= {IGI Global},
	year		= {2013}
}

@misc{tc,
    author = {Werner Almesberger},
    title = {Linux Network Traffic Control -- Implementation Overview.},
    year = {1999}
}

@misc{weka,
	title = {Weka: Data mining software in Java.},
	year = {2003},
	url = {http://www.cs.waikato.ac.nz/ml/weka/}
}

@misc{amd,
	author = {{AMD.com, Inc}},
	title = {Accelerated Parallel Processing(APP) SDK with OpenCL 1.2 support.},
	year = {2011},
	url = {http://developer.amd.com/tools/heterogeneous-computing/amd-accelerated-parallel-processing-app-sdk/}
}

@misc{nvidia,
	author = {{NVIDIA.com, Inc}},
	title = {NVIDIA OpenCL SDK Code Samples.},
	year = {2012},
	url = {http://developer.nvidia.com/opencl}
}

@article{dejan,
  author 	= {Dejan Kovachev and 
               Palf Klamma},
  journal 	= {International Journal of Interactive Multimedia and Artificial Intelligence},
  number 	= {7},
  pages 	= {6-15},
  title 	= {Framework for Computation Offloading in Mobile Cloud Computing.},
  volume 	= {1},
  year 		= {2012}
}

@article{chang,
 author = {Chin Liang Chang},
 title = {Finding Prototypes For Nearest Neighbor Classifiers},
 journal = {IEEE Transaction on Computers},
 volume = {23},
 number = {11},
 year = {1974},
 pages = {1179--1184},
 publisher = {IEEE Computer Society},
} 

@article{instance,
 author = {David W. Aha and 
           Dennis Kibler and 
           Marc K. Albert},
 title = {Instance-Based Learning Algorithms},
 journal = {Journal of Machine Learning},
 volume = {6},
 number = {1},
 year = {1991},
 pages = {37--66},
 publisher = {Kluwer Academic Publishers},
} 

@book{bandwidth,
	author = {Charles Kozierok},
	title = {The TCP/IP Guide: A Comprehensive, Illustrated Internet Protocols Reference},
	year = {2005}, 
	publisher = {No Starch Press},
}
	
@inproceedings{characterization,
  author    = {Yi Chu Wang and
               Kwang Ting (Tim) Cheng},
  title     = {Energy and Performance Characterization of Mobile Heterogeneous
               Computing.},
  booktitle = {In Proceedings of IEEE Workshop on Signal Processing Systems(SiPS)},
  year      = {2012},
  pages     = {312--317},
}

@inproceedings{mevbench,
  author    = {Jason Clemons and
               Haishan Zhu and
               Silvio Savarese and
               Todd M. Austin},
  title     = {MEVBench: A mobile computer vision benchmarking suite.},
  booktitle = {In Proceedings of IEEE International Symposium on Workload Characterization(IISWC)},
  publisher = {IEEE},
  year      = {2011},
  pages     = {91--102},
}

@inproceedings{fullsystem,
  	author    = {Anthony Gutierrez and
               Ronald G. Dreslinski and
               Thomas F. Wenisch and
               Trevor N. Mudge and
               Ali G. Saidi and
               Chris Emmons and
               Nigel C. Paver},
  	title     = {Full-system analysis and characterization of interactive
               smartphone applications.},
  	booktitle = {In Proceedings of IEEE International Symposium on Workload Characterization(IISWC)},
	publisher = {IEEE},
  	year      = {2011},
  	pages     = {81--90},
}

@article{dignan, 
	author	  = {Larry Dignan},
	title     = {Android cumulative shipments to hit 1 billion mark in 2013.},
	year	  = {2012},
}

@inproceedings{chen,
	author	  = {Song Chen},
	title     = {An introduction to heterogeneous optimal selection theory.},
	publisher = {IEEE},
	booktitle = {In Proceedings of IEEE International Conference on Computer, Communication, Control and Power Engineering(TENCON)},
	year      = {1993},
}

@misc{bigprocessing,
	author    = {{ARM.com, Inc}},
	title     = {bigLITTLE Processing with ARM Cortex-A15 and Cortex-A7.},
	year      = {2011},
	url       = {http://www.arm.com/files/downloads/big.LITTLE_Final.pdf}
}

@misc{tegra,
	author 	  = {{NVIDIA.com}},
	title     = {NVIDIA Tegra Multi-processor Architecture.},
	year      = {2010},
	url       = {http://www.nvidia.com/docs/IO/90715/Tegra_Multiprocessor_Architecture_white_paper_Final_v1.1.pdf}
}

@article{cyber, 
	author	  = {Mohsen Sharifi and
				 Somayeh Kafaie and
                 Omid Kashefi},
	title     = {A survey and taxonomy of cyber foraging of mobile devices.},
    publisher = {IEEE},
	journal   = {IEEE Communications surveys \& tutorials},
    number    = {14},
    volume    = {Fourth quarter},
    pages     = {1232--1243},
	year	  = {2012},
}

@article{hung, 
	author	  = {Shih-Hao Hung and
                 Chi-Sheng Shih and
                 Jeng-Peng Shieh and
                 Chen-Pang Lee and
                 Yi-Hsiang Huang},
	title     = {Executing mobile applications on the cloud: Framework and issues.},
	journal   = {Computers \& Mathematics with Applicatoins},
    volume    = {63},
    pages     = {573--587},
	year	  = {2012},
}

@inproceedings{serendipity,
 	author    = {Cong Shi and 
                 Vasileios Lakafosis and 
                 Mostafa H.Ammar and 
                 Ellen W. Zegura},
  	booktitle = {In Proceedings of ACM International Symposium on Mobile Ad Hoc Networking and Computing(MobiHoc)},
  	pages 	  = {145--154},
  	publisher = {ACM},
  	title	  = {Serendipity: enabling remote computing among intermittently connected mobile devices.},
  	year 	  = {2012},
}

@article{bowman,
    author    = {Mic Bowman and Saumya K. Debray and Larry L. Peterson},
    title     = {Reasoning about naming systems.},
    journal   = {ACM Transactions on Programming Languages and Systems},
    year      = {1993},
    volume    = {15},
    pages     = {795--825}
}

@misc{burns,
	author    = {Chris Burns},
	title	  = {Android 4.0 ICS demo: Facial Recognition, Battery Life, GPU Rendering, and more.},
	year      = {2011},
    url       = {http://android.widgettouch.com/Android-4-0-ICS-demo-Facial-Recognition-Battery-Life-GPU-Rendering-and-more/}
}

@misc{paul,
	author	  = {Ryan Paul},
	title     = {Chrome 18 arrives with hardware-accelerated Canvas.},
	year      = {2012},
    url       = {http://arstechnica.com/business/2012/03/chrome-18-arrives-with-hardware-accelerated-canvas}
}

@inproceedings{rcuda,
  	author = {Jos{\'e} Duato and
               Antonio J. Pe{\~n}a and
               Federico Silla and
               Rafael Mayo and
               Enrique S. Quintana-Ort\'{\i}},
  	title = {rCUDA: Reducing the number of GPU-based accelerators in
               high performance clusters.},
  	booktitle = {In Proceedings of International Conference on High Performance Computing and Simulation(HPCS)},
  	year = {2010},
  	pages = {224-231},
}

@inproceedings{vocl,
	author = {Shucai Xiao and
               Pavan Balaji and
               James Dinan and
               Qian Zhu and
               Rajeev Thakur and
               Susan Coghlan and
               Heshan Lin and
               Gaojin Wen and
               Jue Hong and
               Wu-chun Feng},
  	title = {Transparent accelerator migration in a virtualized GPU environment.},
  	booktitle = {In Proceedings of IEEE/ACM International Symposium on Cluster, Cloud and Grid Computing(CCGRID)},
  	publisher = {IEEE/ACM},
  	year = {2012},
	pages = {124--131}
}

@inproceedings{spectra,
    author = {Jason Flinn and Soyoung Park and M. Satyanarayanan},
    title = {Balancing Performance, Energy, and Quality in Pervasive Computing.},
    booktitle = {In Proceedings of International Conference on Distributed Computing Systems(ICDCS)},
    year = {2002},
    pages = {217--226}
}

@inproceedings{comet,
  author    = {Mark S. Gordon and
			   D. Anoushe Jamshidi and
			   Scott Mahlke and
			   Z. Morley Mao and
			   Xu Chen},
  title     = {COMET: code offload by migrating execution transparently},
  booktitle = {In Proceedings of of 10th USENIX conference on Operating Systems Design and Implementation(OSDI)},
  publisher = {ACM},
  year      = {2012},
  pages     = {93--106},
}

@inproceedings{mmr,
  author = {Mohammed Anowarul Hassan and 
            Songqing Chen},
  booktitle = {In Proceedings of International Conference on Mobile Computing, Applications and Services(MobiCASE)},

  pages = {41--59},
  publisher = {Springer},
  title = {Mobile MapReduce: Minimizing Response Time of Computing Intensive Mobile Applications.},
  volume = {95},
  year = {2011}
}

@inproceedings{thinkair,
  author = {Sokol Kosta and 
            Andrius Aucinas and 
            Pan Hui and 
            Richard Mortier and 
            Xinwen Zhang},
  booktitle = {In Proceedings of the 31st IEEE International Conference on Computer Communications(INFOCOM)},
  pages = {945--953},
  publisher = {IEEE},
  title = {ThinkAir: Dynamic resource allocation and parallel execution in the cloud for mobile code offloading.},
  year = {2012}
}

@misc{sonora,
	author = {Fan Yang and
	          Jacky Shen and
              Lidong Zhou and
              Zhengping Qian},
    booktitle = {Technical Report, Microsoft Research Asia},
    title = {Sonora: A Platform for Continuous Mobile-Cloud Computing.},
    year   = {2012},
    url    = {http://research.microsoft.com/apps/pubs/?id=161446}

}

@misc{brodkin,
	author    = {Jon Brodkin},
	title	  = {Gartner: Seven cloud-computing security risks.},
	year      = {2008},
    url       = {http://www.infoworld.com/d/security-central/gartner-seven-cloud-computing-security-risks-853},
}

@inproceedings{uia,
 author = {Bryan Ford and 
           Jacob Strauss and 
           Chris Lesniewski-Laas and 
           Sean Rhea and 
           Frans Kaashoek and 
           Robert Morris},
 title = {Persistent Personal Names for Globally Connected Mobile Devices},
 booktitle = {In Proceedings of the 7th Symposium on Operating Systems Design and Implementation(OSDI)},
 year = {2006},
 pages = {233--248},
 publisher = {USENIX Association},
} 
 
@article{socialvpn,
   author    = {Pierre St Juste and
                David Wolinsky and
                Patrick Oscar Boykin and
                Michael Covington and
                Renato Figueiredo},
   journal   = {Computer Networks},
   number    = {12},
   pages     = {1926-1938},
   title     = {SocialVPN: Enabling wide-area collaboration with integrated social and overlay ne
    tworks.},
   volume    = {54},
   year      = {2010},
}

@misc{atom,
	author = {{Intel.com, Inc}},
	title = {Intel$\textregistered$ Atom processor.},
	url = {http://www.intel.com/content/www/us/en/processors/atom/atom-processor.html},
    year = {2011}
}

@inproceedings{kumar,
  author    = {Rakesh Kumar and
			   Keith I. FarKas and
			   Norman P. Jouppi and
			   Parthasarathy Ranganathan and
			   Dean M. Tullsen},
  title     = {Single-ISA Heterogeneous Multi-Core Architectures: The Potential for Processor Power Reduction.},
  booktitle = {In Proceedings of IEEE Workshop on Signal Processing Systems(SiPS)},
  year      = {2012},
  pages     = {312-317},
}

@misc{bonjour,
	author    = {Marc Krochmal},
	title	  = {Multicast dns internet draft},
	year      = {2011},
    url       = {http://files.multicastdns.org/draft-cheshire-dnsext-multicastdns.txt},
}

@misc{tpl,
	title = {TPL: Easily store and retrieve binary data in C.},
	year = {2010},
	url = {http://troydhanson.github.io/tpl/userguide.html}
}

@inproceedings{solare,
  author    = {Heungsik Eom and
			   David Isaac Wolinsky and
			   Renato Figueiredo},
  title     = {SOLARE: Self-Organizing Latency-Aware Resource Ensemble.},
  booktitle = {In Proceedings of 11th IEEE International Conference on
High Performance Computing and Communications(HPCC)},
  year      = {2011},
  pages     = {229--236},
}

@inproceedings{futuregrid,
	author = {Gregor Von Laszewski and 
			  Geoffrey C. Fox and 
              Fugang Wang and 
              Andrew J Younge and
              Archit Kulshrestha and 
              Gregory G. Pike and 
              Warren Smith and Jens Voeckler and 
              Renato Figueiredo and 
              Jose Fortes and 
              Kate Keahey and 
              Ewa Delman},
	title ={Design of the FutureGrid Experiment Management Framework},
	booktitle = {The Gateway Computing Environment(GCE) Workshop at International Conference on SuperComputing(SC)},
	year = {2010},
	publisher = {IEEE},
}

@misc{openvpn,
	author = {{OpenVPN Technologies, Inc}},
	title = {Openvpn.},
	url = {http://openvpn.net},
    year = {2002}
}

@misc{hamachi,
	author = {{LogMeIn, Inc}},
    title  = {Instant, zero configuration vpn.},
	url    = {https://secure.logmein.com/products/hamachi/},
    year   = {2009},
}

@misc{amazonec2,
  author = {{Amazon.com, Inc}},
  title = {Amazon Elastic Compute Cloud},
  year = {2009},
  url  = {http://aws.amazon.com/ec2},
}

@misc{stemcell,
	author = {{ZiiLABS, Inc}},
	title  = {Leverage stemcell compute performance with OpenCL.},
	year   = {2010},
    url    = {http://www.ziilabs.com/products/software/opencl.php},
}

@misc{hsa,
	author  = {{HSA Foundation}},
	title   = {Harmonizing the industry around heterogeneous computing.},
	url     = {http://hsafoundation.com},
	year    = {2014},
}

@inproceedings{dpartner,
  author = {Ying Zhang and 
            Gang Huang and 
            Zuanzhe Liu and 
            Wei Zhang and 
            Hong Mei and 
            Shunxian Yang},
  booktitle = {In Proceedings of ACM International Conference on Object-oriented Programming, Systems, Languages, and Applications(OOPSLA)},
  pages = {233-248},
  publisher = {ACM},
  title = {Refactoring android Java code for on-demand computation offloading.},
  year = {2012}
}

@inproceedings{charlie,
  author = {Perkins, Charles E. and Harjono, Harry},
  booktitle = {IFIP World Conference on Mobile Communications},
  pages = {219-238},
  title = {Resource Discovery Protocol for Mobile Computing.},
  year = {1996}
}

@inproceedings{jameela,
	author = {Jameela Al-Jaroodi and Nader Mohamed},
	title = {Middleware Framework for Resource Discovery in Mobile Environments.},
	booktitle = {In Proceedings of IEEE International Conference on Next Generation Mobile Applications, Services and Technologies(NGMAST)},
	pages = {185-190},
	publisher = {IEEE Computer Society},
	year = {2007}
}

@inproceedings{pravin,
	author = {P. Bhagwat and S.K. Tripathi},
	title = {Transparent Resource Discovery for Mobile Computers.},
	booktitle ={IEEE Workshop on Mobile Computing Systems and Applications},
	pages = {116-118},
	publisher = {IEEE Computer Society},
	year = {1994}
}

@article{utility,
  author = {Jeffrey O. Kepahrt and Rajarshi Das},
  journal = {IEEE Internet Computing},
  number = {1},
  pages = {40-48},
  title = {Achieving Self-Management via Utility Functions.},
  year = {2007}
}

@inproceedings{william,
    author = {William E. Walsh and 
              Gerald Tesauro and 
              Jeffrey O. Kephart and 
              Rajarshi Das},
    title = {Utility functions in autonomic systems.},
    booktitle = {In Proceedings of the International Conference on Autonomic Computing(ICAC)},
    year = {2004},
	publisher = {ACM},
    pages = {70--77}
}

@inproceedings{david,
  author = {David Isaac Wolinsky and 
            Kyungyong Lee and 
            P. Oscar Boykin and 
            Renato Figueiredo},
  booktitle = {CollaborateCom},
  pages = {1-10},
  publisher = {IEEE},
  title = {On the design of autonomic, decentralized VPNs.},
  year = {2010}
}

@inproceedings{terence,
    author = {Terence Kelly},
    title = {Utility-Directed Allocation.},
    booktitle = {In First Workshop on Algorithms and Architectures for Self-Managing Systems},
    year = {2003}
}

@inproceedings{,
  added-at = {2010-01-21T00:00:00.000+0100},
  author = {Paul deGrandis and 
            Giuseppe Valetto},
  booktitle = {In Proceedings of the International Conference on Autonomic Computing(ICAC)},
  pages = {107-116},
  publisher = {ACM},
  title = {Elicitation and utilization of application-level utility functions.},
  year = {2009}
}

@inproceedings{kwon,
	author = {YoungWoo Kwon and
				Eli Tilevich},
	booktitle = {In Proceedings of International Conference on Distributed Computing Systems(ICDCS)},
	pages = {586--595},
	publisher = {IEEE},
	title = {Energy-Efficient and Fault-Tolerant Distributed Mobile Execution},
	year = {2012}
}

@inproceedings{ml, 
	author = {Heungsik Eom and
				Pierre St Juste and
				Renato Figueiredo and
				Omesh Tickoo and
				Ramesh Illikkal and
				Ravishankar Iyer},
	booktitle = {In Proceedings of International Conference on Utility and Cloud Computing(UCC)},
	pages = {17--25},
	publisher = {ACM/IEEE},
	title = {Machine Learning-based Runtime Scheduler for Mobile Offloaing Framework},
	year = {2013}
}

@inproceedings{ocloff,
	author = {Heungsik Eom and
				Pierre Juste and 
				Renato Figueiredo and
				Omesh Tickoo and
				Ramesh Illikkal and
				Ravishankar Iyer},
	booktitle = {In Proceedings of International Conference on Parallel and Distributed Systems(ICPADS)},
	pages = {240--248},
	publisher = {IEEE},
	title = {OpenCL-based Remote Offloading Framework for Trusted Mobile Cloud Computing},
	year = {2013}
}

@article{feng,
  author = {Feng Zhu and 
            Matt W. Mutka and 
            Lionel M. Ni},
  journal = {Pervasive Computing, IEEE},
  number = {4},
  pages = {81--90},
  title = {Service Discovery in Pervasive Computing Environments.},
  volume = {4},
  year = {2005}
}

@article{nws,
	author 	= {Rich Wolski and 
			  Neil T. Spring and
			  Jim Hayes},
	journal = {Future Generation Computer Systems},
	number 	= {5-6},
	pages 	= {757--768},
	publisher = {Elsevier},
	title 	= {The network weather service: A distributed resource performance forecasting service for metacomputing},
	volume 	= {15},
	year 	= {1999}
}

@misc{stress,
   author= {},
   title = {Stress project},
   url = {http://people.seas.harvard.edu/~apw/stress/},
}

@misc{linpack,
  author= {},
  title = {Linpack},
  url = {http://0xbenchmark.appspot.com/},
}

@misc{go,
  author= {},
  title = {Go game},
  url = {https://code.google.com/p/dpartner/},
}

@inproceedings{can,
  author = {Ratnasamy, Sylvia and Francis, Paul and Handley, Mark and Karp, Richard and Shenker, Scott},
  title = {A Scalable Content-addressable Network},
  booktitle = {In Proceedings of the 2001 Conference on Applications, Technologies, Architectures, and Protocols for Computer Communications},
  year = {2001},
  pages = {161--172},
  publisher = {ACM}
}

@inproceedings{chord,
	author = {Ion Stoica and Robert Morris and David Karger and M. Frans Kaashoek and Hari Balakrishnan},
    title = {Chord: A Scalable Peer-to-Peer Lookup Service for Internet Applications},
	booktitle = {In Proceedings of the 2001 Conference on Applications, Technologies, Architectures, and Protocols for Computer Communications},
    year = {2001},
    pages = {149--160},
    publisher = {ACM}
}

@article{tapestry,
    author = {Ben Y. Zhao and Ling Huang and Jeremy Stribling and Sean C. Rhea and Anthony D. Joseph and John D. Kubiatowicz},
    title = {Tapestry: A Resilient Global-scale Overlay for Service Deployment},
    journal = {IEEE Journal on Selected Areas in Communications},
    year = {2004},
    volume = {22},
    pages = {41--53},
	publisher = {IEEE}
}

@inproceedings{vivaldi,
 	author = {Dabek, Frank and Cox, Russ and Kaashoek, Frans and Morris, Robert},
 	title = {Vivaldi: A Decentralized Network Coordinate System},
 	booktitle = {In Proceedings of the 2004 Conference on Applications, Technologies, Architectures, and Protocols for Computer Communications},
 	year = {2004},
 	pages = {15--26},
 	publisher = {ACM},
} 

@inproceedings{gnp,
    author = {T. S. Eugene Ng and Hui Zhang},
    title = {Predicting Internet Network Distance with Coordinates-Based Approaches},
    booktitle = {In Proceedings of the 2001 Conference on Computer Communications},
    year = {2001},
    pages = {170--179},
	publisher{IEEE}
}

@inproceedings{pic,
  author = {Hu, Ningning and Li, Erran Li and Mao, Zhuoqing Morley and Steenkiste, Peter and Wang, Jia},
  booktitle = {In Proceedings of the 2005 Conference on Computer Communications},
  pages = {1689-1700},
  publisher = {IEEE},
  title = {A measurement study of Internet bottlenecks.},
  year = {2005}
}

@techreport{Ramasu,
    author = {Venugopalan Ramasubramanian and Dahlia Malkhi and Fabian Kuhn and Ittai Abraham and Mahesh Balakrishnan and Archit Gupta and Aditya Akella},
    title = {A unified network coordinate system for bandwidth and latency},
    year = {2008}
}

@inproceedings{treeness,
	author = {Ramasubramanian, Venugopalan and Malkhi, Dahlia and Kuhn, Fabian and Balakrishnan, Mahesh and Gupta, Archit and Akella, Aditya},
 	title = {On the Treeness of Internet Latency and Bandwidth},
 	booktitle = {In Proceedings of the Eleventh International Joint Conference on Measurement and Modeling of Computer Systems},
 	year = {2009},
	pages = {61--72},
 	publisher = {ACM}
} 

@article{locality,
	author = {Ferreira, Ronaldo A. and Jagannathan, Suresh and Grama, Ananth},
 	title = {Locality in Structured Peer-to-peer Networks},
 	journal = {Journal of Parallel Distributed Computing},
 	volume = {66},
 	number = {2},
 	year = {2006},
 	pages = {257--273},
 	publisher = {Academic Press, Inc.},
} 

@article{ipclustering,
  author = {Karwaczynski, Piotr and Mocnik, Jaka},
  journal = {JSW},
  number = {2},
  pages = {30--37},
  title = {IP-based Clustering for Peer-to-Peer Overlays.},
  volume = {2},
  year = {2007}
}

@inproceedings{cantin,
	author = {Cantin, Francois and Gueye, Bamba and Kaafar, Mohamed Ali and Leduc, Guy},
 	title = {A Self-Organized Clustering Scheme for Overlay Networks},
 	booktitle = {In Proceedings of the 3rd International Workshop on Self-Organizing Systems},
 	year = {2008},
 	pages = {59--70},
 	publisher = {Springer-Verlag},
}

@inproceedings{filesharing,
	author = {F. Le Fessant and S. Handurukande and A. M. Kermarrec and L. Massoulie},
	title = {Clustering in Peer-to-Peer File Sharing Workloads},
	booktitle = {In Proceedings of the 3rd International Workshop on Peer-to-Peer Systems},
	year = {2004},
	pages = {26--27},
	publisher = {Springer-Verlag},
}

@inproceedings{bu,
  author = {Bu, Tian and Towsley, Donald F.},
  booktitle = {In Proceedings of the 2002 Conference on Computer Communications},
  title = {On Distinguishing between Internet Power Law Topology Generators},
  year = {2002}
}

@inproceedings{clusterrouting,
	author = {Saijd Hussain and Abdul W. Matin},
	title = {Hierarchical cluster-based routing in wireless sensor networks},
	booktitle = {In Proceedings of the International Conference on Information Processing In Sensor Networks},
	year = {2006}
}

@inproceedings{energyintra,
    author = {Adeel Akhtar and Abid Ali Minhas and Sohail Jabbar},
    title = {Energy aware intra cluster routing for wireless sensor networks},
    booktitle = {Journal of Hybrid Information Technology},
	volume = {3},
 	number = {1},
    year = {2010}
}

@inproceedings{cao,
    author = {Qing Cao and Tarek Abdelzaher and Robin Kravets},
    title = {Cluster-based forwarding for reliable end-to-end delivery in wireless sensor networks},
    year = {2007},
	booktitle = {In Proceedings of the 2007 Conference on Computer Communications},
  	publisher = {IEEE}
}

@article{utilityself,
  author = {Kephart, Jeffrey O. and Das, Rajarshi},
  journal = {IEEE Internet Computing},
  number = {1},
  pages = {40--48},
  title = {Achieving Self-Management via Utility Functions.},
  volume = {11},
  year = {2007}
}

@inproceedings{william,
  author = {Walsh, W. E. and Tesauro, G. and Kephart, J. O. and Das, R.},
  booktitle = {In Proceedings of the IEEE International Conference on Autonomic
	Computing},
  pages = {70--77},
  title = {Utility functions in autonomic systems},
  year = {2004},
  publisher = {IEEE}
}

@inproceedings{unity,
  author = {Chess, David M. and Segal, Alla and Whalley, Ian and White, Steve R.},
  booktitle = {In Proceedings of the IEEE International Conference on Autonomic Computing},
  pages = {140--147},
  publisher = {IEEE},
  title = {Unity: Experiences with a prototype autonomic computing system},
  year = {2004}
}

@inproceedings{directed,
    author = {Terence Kelly},
    title = {Utility-Directed Allocation},
    booktitle = {In Proceedings of the 1st Workshop on Algorithms and Architectures for Self-Managing Systems},
    year = {2003}
}

@inproceedings{cooling,
 author = {Das, Rajarshi and Kephart, Jeffrey O. and Lenchner, Jonathan and Hamann, Hendrik},
 title = {Utility-function-driven Energy-efficient Cooling in Data Centers},
 booktitle = {In Proceedings of the 7th International Conference on Autonomic Computing},
 year = {2010},
 pages = {61--70},
 publisher = {ACM},
}

@inproceedings{grandis,
 author = {deGrandis, Paul and Valetto, Giuseppe},
 title = {Elicitation and Utilization of Application-level Utility Functions},
 booktitle = {In Proceedings of the 6th International Conference on Autonomic Computing},
 year = {2009},
 pages = {107--116},
 publisher = {ACM},
}

@inproceedings{symphony,
  author = {Manku, Gurmeet Singh and Bawa, Mayank and Raghavan, Prabhakar},
  booktitle = {USENIX Symposium on Internet Technologies and Systems},
  title = {Symphony: Distributed Hashing in a Small World.},
  year = {2003}
}

@article{brunet,
  author = {Boykin, P. Oscar and Bridgewater, Jesse S. A. and Kong, Joseph S. and Lozev, Kamen M. and Rezaei, Behnam Attaran and Roychowdhury, Vwani P.},
  journal = {CoRR},
  title = {A Symphony Conducted by Brunet},
  volume = {abs/0709.4048},
  year = {2007}
}

@inproceedings{lee,
  author = {Lee, Kyungyong and Choi, Tae Woong and Ganguly, Arijit and Wolinsky, David and Boykin, P. Oscar and Figueiredo, Renato J. O.},
  booktitle = {In Proceedings of the 8th International Workshop on Hot Topics in Peer-to-Peer Systems},
  pages = {1602-1609},
  publisher = {IEEE},
  title = {Parallel Processing Framework on a P2P System Using Map and Reduce Primitives.},
  year = {2011}
}

@inproceedings{mapreduce,
 author = {Dean, Jeffrey and Ghemawat, Sanjay},
 title = {MapReduce: Simplified Data Processing on Large Clusters},
 booktitle = {In Proceedings of the 6th Conference on Symposium on Opearting Systems Design \& Implementation},
 year = {2004},
 pages = {10--10},
 publisher = {USENIX Association},
} 

@inproceedings{deetoo,
  author = {Choi, Tae Woong and Boykin, P. Oscar},
  booktitle = {In Proceedings of the 7th International Workshop on Hot Topics in Peer-to-Peer Systems},
  pages = {1--8},
  publisher = {IEEE},
  title = {Deetoo: Scalable unstructured search built on a structured overlay.},
  year = 2010
}

@inproceedings{bootstrap,
	author = {David I. Wolinsky and Pierre St Juste and P. Oscar Boykin and Renato Figueiredo},
	booktitle = {In Proceedings of the 10th International Conference on Peer-to-Peer Computing},
	publisher = {IEEE},
	title = {Addressing the P2P Bootstrap Problem for Small Overlay Networks.},
	year = 2010
}

@inproceedings{vivaldi,
 author = {Dabek, Frank and Cox, Russ and Kaashoek, Frans and Morris, Robert},
 title = {Vivaldi: A Decentralized Network Coordinate System},
 booktitle = {In Proceedings of the 2004 Conference on Applications, Technologies, Architectures, and Protocols for Computer Communications},
 year = {2004},
 pages = {15--26},
 publisher = {ACM}
} 

@inproceedings{king,
 author = {Gummadi, Krishna P. and Saroiu, Stefan and Gribble, Steven D.},
 title = {King: Estimating Latency Between Arbitrary Internet End Hosts},
 booktitle = {In Proceedings of the 2nd Workshop on Internet Measurement},
 year = {2002},
 pages = {5--18},
 publisher = {ACM},
}

@misc{p2psim,
  title = {A Simulator for Peer-to-Peer Protocols.},
  url = {http://www.pdos.lcs.mit.edu/p2psim/index.html},
}

@misc{ns2,
  title = {Then Network Simulator, NS2.},
  url = {http://www.isi.edu/nsnam/ns/},
}

@misc{netmodeler,
  title = {Netmodeler: a C++ Package for Analyzing Complex Networks.},
  url = {https://github.com/johnynek/netmodeler},
}


 



 








